<?xml version="1.0" encoding="UTF-8"?>
<!DOCTYPE html PUBLIC "-//W3C//DTD XHTML 1.0 Transitional//EN"
    "http://www.w3.org/TR/xhtml1/DTD/xhtml1-transitional.dtd">
<html xmlns="http://www.w3.org/1999/xhtml" xml:lang="en" lang="en">
 <head>
  <title>
</title>
<meta http-equiv="Content-Type" content="text/html;charset=utf-8" />
  <meta name='ocr-system' content='tesseract 3.04.00' />
  <meta name='ocr-capabilities' content='ocr_page ocr_carea ocr_par ocr_line ocrx_word'/>
</head>
<body>
  <div class='ocr_page' id='page_1' title='image "./titiliviipatavi06livygoog_0220.png"; bbox 0 0 2267 4000; ppageno 0'>
   <div class='ocr_carea' id='block_1_1' title="bbox 195 183 1363 258">
    <p class='ocr_par' dir='ltr' id='par_1_1' title="bbox 195 183 1363 258">
     <span class='ocr_line' id='line_1_1' title="bbox 195 183 1363 258; baseline -0.017 1"><span class='ocrx_word' id='word_1_1' title='bbox 195 195 316 258; x_wconf 71' lang='lat'><strong>212</strong></span> <span class='ocrx_word' id='word_1_2' title='bbox 561 245 572 252; x_wconf 92' lang='lat'><strong>.</strong></span> <span class='ocrx_word' id='word_1_3' title='bbox 996 183 1073 249; x_wconf 84' lang='grc' dir='ltr'><strong>Τ.</strong></span> <span class='ocrx_word' id='word_1_4' title='bbox 1113 183 1363 250; x_wconf 77' lang='lat' dir='ltr'><strong>mvn..</strong></span> 
     </span>
    </p>
   </div>
   <div class='ocr_carea' id='block_1_2' title="bbox 144 301 2267 3479">
    <p class='ocr_par' dir='ltr' id='par_1_2' title="bbox 695 301 710 328">
     <span class='ocr_line' id='line_1_2' title="bbox 695 301 710 328; baseline 0 0"><span class='ocrx_word' id='word_1_5' title='bbox 695 301 710 328; x_wconf 72' lang='grc' dir='ltr'>ί</span> 
     </span>
    </p>

    <p class='ocr_par' dir='ltr' id='par_1_3' title="bbox 187 339 2159 982">
     <span class='ocr_line' id='line_1_3' title="bbox 187 339 2147 431; baseline -0.005 -15"><span class='ocrx_word' id='word_1_6' title='bbox 187 354 316 416; x_wconf 61' lang='lat' dir='ltr'><strong>lata</strong></span> <span class='ocrx_word' id='word_1_7' title='bbox 341 349 420 414; x_wconf 84' lang='lat' dir='ltr'><strong>de</strong></span> <span class='ocrx_word' id='word_1_8' title='bbox 439 367 578 431; x_wconf 80' lang='lat' dir='ltr'><strong>agro</strong></span> <span class='ocrx_word' id='word_1_9' title='bbox 599 346 900 410; x_wconf 79' lang='lat' dir='ltr'><strong>Lavicano</strong></span> <span class='ocrx_word' id='word_1_10' title='bbox 937 345 1278 418; x_wconf 84' lang='lat' dir='ltr'><strong>dividendo,</strong></span> <span class='ocrx_word' id='word_1_11' title='bbox 1317 345 1545 417; x_wconf 84' lang='lat' dir='ltr'><strong>fierent,</strong></span> <span class='ocrx_word' id='word_1_12' title='bbox 1586 343 1818 407; x_wconf 88' lang='lat' dir='ltr'><strong>censuit</strong></span> <span class='ocrx_word' id='word_1_13' title='bbox 1840 339 2147 422; x_wconf 55' lang='lat' dir='ltr'><strong>frequens„⁷</strong></span> 
     </span>
     <span class='ocr_line' id='line_1_4' title="bbox 195 423 2157 520; baseline -0.004 -27"><span class='ocrx_word' id='word_1_14' title='bbox 195 430 493 520; x_wconf 72' lang='lat' dir='ltr'><strong>coloniam</strong></span> <span class='ocrx_word' id='word_1_15' title='bbox 529 426 784 518; x_wconf 74' lang='lat' dir='ltr'><strong>Lavicos</strong></span> <span class='ocrx_word' id='word_1_16' title='bbox 831 425 1287 518; x_wconf 66' lang='lat' dir='ltr'><strong>deducendamz</strong></span> <span class='ocrx_word' id='word_1_17' title='bbox 1350 423 1543 485; x_wconf 84' lang='lat' dir='ltr'><strong>coloni</strong></span> <span class='ocrx_word' id='word_1_18' title='bbox 1582 425 1653 483; x_wconf 87' lang='lat' dir='ltr'><strong>ab</strong></span> <span class='ocrx_word' id='word_1_19' title='bbox 1696 425 1836 516; x_wconf 77' lang='lat' dir='ltr'><strong>urbe</strong></span> <span class='ocrx_word' id='word_1_20' title='bbox 1878 423 2047 514; x_wconf 79' lang='lat' dir='ltr'><strong>mille</strong></span> <span class='ocrx_word' id='word_1_21' title='bbox 2087 430 2157 485; x_wconf 87' lang='lat' dir='ltr'><strong>et</strong></span> 
     </span>
     <span class='ocr_line' id='line_1_5' title="bbox 233 499 2158 662; baseline -0.009 -13"><span class='ocrx_word' id='word_1_22' title='bbox 233 499 2158 662; x_wconf 42' lang='lat' dir='ltr'><strong>335223-1333fflffilzgi‘snssssf53253a2..ss?&amp;attingi</strong></span> 
     </span>
     <span class='ocr_line' id='line_1_6' title="bbox 193 656 2156 737; baseline -0.006 -9"><span class='ocrx_word' id='word_1_23' title='bbox 193 667 294 728; x_wconf 88' lang='lat' dir='ltr'><strong>nio</strong></span> <span class='ocrx_word' id='word_1_24' title='bbox 317 665 568 733; x_wconf 78' lang='lat' dir='ltr'><strong>Lanato,</strong></span> <span class='ocrx_word' id='word_1_25' title='bbox 589 668 654 723; x_wconf 86' lang='lat' dir='ltr'><strong>et</strong></span> <span class='ocrx_word' id='word_1_26' title='bbox 679 659 748 722; x_wconf 89' lang='lat' dir='ltr'><strong>L.</strong></span> <span class='ocrx_word' id='word_1_27' title='bbox 777 659 1028 720; x_wconf 82' lang='lat' dir='ltr'><strong>Servilio</strong></span> <span class='ocrx_word' id='word_1_28' title='bbox 1055 659 1316 730; x_wconf 84' lang='lat' dir='ltr'><strong>Structo,</strong></span> <span class='ocrx_word' id='word_1_29' title='bbox 1350 665 1413 720; x_wconf 88' lang='lat' dir='ltr'><strong>et</strong></span> <span class='ocrx_word' id='word_1_30' title='bbox 1438 659 1505 719; x_wconf 87' lang='lat' dir='ltr'><strong>P.</strong></span> <span class='ocrx_word' id='word_1_31' title='bbox 1532 659 1813 721; x_wconf 86' lang='lat' dir='ltr'><strong>Lucretio</strong></span> <span class='ocrx_word' id='word_1_32' title='bbox 1882 656 2156 737; x_wconf 76' lang='lat' dir='ltr'><strong>&#39;ricipiti-</strong></span> 
     </span>
     <span class='ocr_line' id='line_1_7' title="bbox 194 736 2152 818; baseline -0.005 -13"><span class='ocrx_word' id='word_1_33' title='bbox 194 763 290 813; x_wconf 89' lang='lat' dir='ltr'><strong>no,</strong></span> <span class='ocrx_word' id='word_1_34' title='bbox 313 742 530 804; x_wconf 87' lang='lat' dir='ltr'><strong>iterum</strong></span> <span class='ocrx_word' id='word_1_35' title='bbox 551 740 818 802; x_wconf 82' lang='lat' dir='ltr'><strong>omnibus</strong></span> <span class='ocrx_word' id='word_1_36' title='bbox 844 737 958 809; x_wconf 83' lang='lat' dir='ltr'><strong>his,</strong></span> <span class='ocrx_word' id='word_1_37' title='bbox 979 744 1042 799; x_wconf 89' lang='lat' dir='ltr'><strong>et</strong></span> <span class='ocrx_word' id='word_1_38' title='bbox 1061 738 1165 818; x_wconf 81' lang='lat' dir='ltr'><strong>Sp.</strong></span> <span class='ocrx_word' id='word_1_39' title='bbox 1187 736 1415 798; x_wconf 85' lang='lat' dir='ltr'><strong>Rutilio</strong></span> <span class='ocrx_word' id='word_1_40' title='bbox 1436 737 1674 806; x_wconf 81' lang='lat' dir='ltr'>Crasso,</span> <span class='ocrx_word' id='word_1_41' title='bbox 1700 741 1765 800; x_wconf 91' lang='lat' dir='ltr'><strong>et</strong></span> <span class='ocrx_word' id='word_1_42' title='bbox 1797 736 2152 812; x_wconf 80' lang='lat' dir='ltr'><strong>insequente</strong></span> 
     </span>
     <span class='ocr_line' id='line_1_8' title="bbox 195 812 2149 886; baseline -0.005 -4"><span class='ocrx_word' id='word_1_43' title='bbox 195 840 355 884; x_wconf 87' lang='lat' dir='ltr'><strong>anno</strong></span> <span class='ocrx_word' id='word_1_44' title='bbox 381 819 458 878; x_wconf 89' lang='lat' dir='ltr'><strong>A.</strong></span> <span class='ocrx_word' id='word_1_45' title='bbox 479 818 620 880; x_wconf 89' lang='lat' dir='ltr'><strong>Sem</strong></span> <span class='ocrx_word' id='word_1_46' title='bbox 660 818 828 879; x_wconf 89' lang='lat' dir='ltr'><strong>ronio</strong></span> <span class='ocrx_word' id='word_1_47' title='bbox 869 817 1147 878; x_wconf 82' lang='lat' dir='ltr'><strong>Atratino</strong></span> <span class='ocrx_word' id='word_1_48' title='bbox 1180 816 1447 886; x_wconf 70' lang='lat' dir='ltr'><strong>tertium,</strong></span> <span class='ocrx_word' id='word_1_49' title='bbox 1471 822 1535 876; x_wconf 90' lang='lat' dir='ltr'><strong>et</strong></span> <span class='ocrx_word' id='word_1_50' title='bbox 1558 815 1786 876; x_wconf 80' lang='lat' dir='ltr'><strong>duobus</strong></span> <span class='ocrx_word' id='word_1_51' title='bbox 1812 817 2029 874; x_wconf 87' lang='lat' dir='ltr'><strong>iterum</strong></span> <span class='ocrx_word' id='word_1_52' title='bbox 2054 812 2149 872; x_wconf 88' lang='lat' dir='ltr'><strong>M.</strong></span> 
     </span>
     <span class='ocr_line' id='line_1_9' title="bbox 197 837 2159 982; baseline -0.004 -22"><span class='ocrx_word' id='word_1_53' title='bbox 197 898 434 982; x_wconf 85' lang='lat' dir='ltr'><strong>Papirio</strong></span> <span class='ocrx_word' id='word_1_54' title='bbox 447 837 872 979; x_wconf 62' lang='lat' dir='ltr'><strong>Mugiflano,et</strong></span> <span class='ocrx_word' id='word_1_55' title='bbox 897 894 999 976; x_wconf 80' lang='lat' dir='ltr'><strong>Sp.</strong></span> <span class='ocrx_word' id='word_1_56' title='bbox 1013 895 1239 954; x_wconf 81' lang='lat' dir='ltr'><strong>Nautio</strong></span> <span class='ocrx_word' id='word_1_57' title='bbox 1252 894 1477 964; x_wconf 78' lang='lat' dir='ltr'><strong>Rutilo,</strong></span> <span class='ocrx_word' id='word_1_58' title='bbox 1488 893 1791 954; x_wconf 74' lang='lat' dir='ltr'>biennium</span> <span class='ocrx_word' id='word_1_59' title='bbox 1808 890 2159 968; x_wconf 76' lang='lat' dir='ltr'><strong>tranquillae</strong></span> 
     </span>
    </p>

    <p class='ocr_par' dir='ltr' id='par_1_4' title="bbox 144 971 2267 3479">
     <span class='ocr_line' id='line_1_10' title="bbox 199 971 1873 1064; baseline -0.005 -25"><span class='ocrx_word' id='word_1_60' title='bbox 199 984 465 1040; x_wconf 81' lang='lat' dir='ltr'><strong>externae</strong></span> <span class='ocrx_word' id='word_1_61' title='bbox 491 997 607 1048; x_wconf 88' lang='lat' dir='ltr'><strong>res,</strong></span> <span class='ocrx_word' id='word_1_62' title='bbox 626 973 922 1038; x_wconf 81' lang='lat' dir='ltr'><strong>discordia</strong></span> <span class='ocrx_word' id='word_1_63' title='bbox 946 973 1107 1034; x_wconf 88' lang='lat' dir='ltr'><strong>domi</strong></span> <span class='ocrx_word' id='word_1_64' title='bbox 1131 993 1207 1034; x_wconf 87' lang='lat' dir='ltr'><strong>ex</strong></span> <span class='ocrx_word' id='word_1_65' title='bbox 1232 973 1476 1054; x_wconf 83' lang='lat' dir='ltr'><strong>agrariis</strong></span> <span class='ocrx_word' id='word_1_66' title='bbox 1496 973 1721 1064; x_wconf 79' lang='lat' dir='ltr'><strong>legibus</strong></span> <span class='ocrx_word' id='word_1_67' title='bbox 1742 971 1873 1052; x_wconf 81' lang='lat' dir='ltr'><strong>fuit.</strong></span> 
     </span>
     <span class='ocr_line' id='line_1_11' title="bbox 278 1049 2159 1132; baseline -0.002 -16"><span class='ocrx_word' id='word_1_68' title='bbox 278 1055 566 1116; x_wconf 86' lang='lat' dir='ltr'><strong>XLVIII.</strong></span> <span class='ocrx_word' id='word_1_69' title='bbox 607 1055 968 1115; x_wconf 82' lang='lat' dir='ltr'><strong>Turbatores</strong></span> <span class='ocrx_word' id='word_1_70' title='bbox 1010 1053 1109 1112; x_wconf 82' lang='lat' dir='ltr'><strong>vul</strong></span> <span class='ocrx_word' id='word_1_71' title='bbox 1153 1053 1168 1068; x_wconf 90' lang='lat'>&#39;</span> <span class='ocrx_word' id='word_1_72' title='bbox 1198 1056 1370 1130; x_wconf 84' lang='lat' dir='ltr'><strong>erant</strong></span> <span class='ocrx_word' id='word_1_73' title='bbox 1408 1051 1604 1132; x_wconf 75' lang='lat' dir='ltr'><strong>Spurii</strong></span> <span class='ocrx_word' id='word_1_74' title='bbox 1647 1049 1949 1112; x_wconf 76' lang='lat' dir='ltr'><strong>Maecilius</strong></span> <span class='ocrx_word' id='word_1_75' title='bbox 1976 1069 2159 1130; x_wconf 86' lang='lat' dir='ltr'><strong>quar-</strong></span> 
     </span>
     <span class='ocr_line' id='line_1_12' title="bbox 195 1130 2159 1210; baseline -0.003 -14"><span class='ocrx_word' id='word_1_76' title='bbox 195 1139 334 1196; x_wconf 67' lang='lat' dir='ltr'><strong>tum.</strong></span> <span class='ocrx_word' id='word_1_77' title='bbox 365 1139 430 1194; x_wconf 89' lang='lat' dir='ltr'><strong>et</strong></span> <span class='ocrx_word' id='word_1_78' title='bbox 453 1131 726 1192; x_wconf 87' lang='lat' dir='ltr'><strong>Metilius</strong></span> <span class='ocrx_word' id='word_1_79' title='bbox 751 1131 996 1190; x_wconf 72' lang='lat' dir='ltr'><strong>tertium</strong></span> <span class='ocrx_word' id='word_1_80' title='bbox 1037 1132 1116 1190; x_wconf 87' lang='lat' dir='ltr'><strong>tri</strong></span> <span class='ocrx_word' id='word_1_81' title='bbox 1178 1130 1259 1190; x_wconf 74' lang='lat' dir='ltr'><strong>‘ni</strong></span> <span class='ocrx_word' id='word_1_82' title='bbox 1297 1130 1505 1210; x_wconf 83' lang='lat' dir='ltr'><strong>plebis,</strong></span> <span class='ocrx_word' id='word_1_83' title='bbox 1530 1131 1699 1190; x_wconf 85' lang='lat' dir='ltr'><strong>ambo</strong></span> <span class='ocrx_word' id='word_1_84' title='bbox 1722 1131 1996 1190; x_wconf 77' lang='lat' dir='ltr'><strong>absentes</strong></span> <span class='ocrx_word' id='word_1_85' title='bbox 2026 1149 2159 1191; x_wconf 86' lang='lat' dir='ltr'><strong>cre-</strong></span> 
     </span>
     <span class='ocr_line' id='line_1_13' title="bbox 199 1207 2157 1289; baseline -0.001 -18"><span class='ocrx_word' id='word_1_86' title='bbox 199 1211 285 1274; x_wconf 83' lang='lat' dir='ltr'><strong>ati</strong></span> <span class='ocrx_word' id='word_1_87' title='bbox 298 1232 316 1282; x_wconf 79' lang='lat'>3</span> <span class='ocrx_word' id='word_1_88' title='bbox 355 1217 417 1272; x_wconf 92' lang='lat' dir='ltr'><strong>et</strong></span> <span class='ocrx_word' id='word_1_89' title='bbox 443 1227 624 1289; x_wconf 90' lang='lat' dir='ltr'><strong>quum</strong></span> <span class='ocrx_word' id='word_1_90' title='bbox 663 1207 1027 1287; x_wconf 81' lang='lat' dir='ltr'><strong>rogationem</strong></span> <span class='ocrx_word' id='word_1_91' title='bbox 1068 1207 1559 1287; x_wconf 82' lang='lat' dir='ltr'><strong>promulgassent,</strong></span> <span class='ocrx_word' id='word_1_92' title='bbox 1596 1213 1665 1266; x_wconf 83' lang='lat' dir='ltr'><strong>ut</strong></span> <span class='ocrx_word' id='word_1_93' title='bbox 1704 1226 1844 1288; x_wconf 81' lang='lat' dir='ltr'><strong>ager</strong></span> <span class='ocrx_word' id='word_1_94' title='bbox 1868 1225 1944 1266; x_wconf 86' lang='lat' dir='ltr'><strong>ex</strong></span> <span class='ocrx_word' id='word_1_95' title='bbox 1967 1207 2157 1269; x_wconf 86' lang='lat' dir='ltr'><strong>hosti-</strong></span> 
     </span>
     <span class='ocr_line' id='line_1_14' title="bbox 199 1283 2157 1366; baseline -0.002 -16"><span class='ocrx_word' id='word_1_96' title='bbox 199 1291 309 1352; x_wconf 87' lang='lat' dir='ltr'><strong>bus</strong></span> <span class='ocrx_word' id='word_1_97' title='bbox 335 1308 407 1349; x_wconf 88' lang='lat' dir='ltr'><strong>ca</strong></span> <span class='ocrx_word' id='word_1_98' title='bbox 445 1293 544 1348; x_wconf 86' lang='lat' dir='ltr'><strong>tus</strong></span> <span class='ocrx_word' id='word_1_99' title='bbox 577 1285 798 1346; x_wconf 85' lang='lat' dir='ltr'><strong>viritim</strong></span> <span class='ocrx_word' id='word_1_100' title='bbox 839 1283 1225 1355; x_wconf 77' lang='lat' dir='ltr'><strong>divideretur,</strong></span> <span class='ocrx_word' id='word_1_101' title='bbox 1264 1287 1615 1364; x_wconf 81' lang='lat' dir='ltr'><strong>mag&#39;naeque</strong></span> <span class='ocrx_word' id='word_1_102' title='bbox 1654 1286 1841 1366; x_wconf 86' lang='lat' dir='ltr'><strong>partis</strong></span> <span class='ocrx_word' id='word_1_103' title='bbox 1866 1286 2157 1347; x_wconf 80' lang='lat' dir='ltr'><strong>nobilium</strong></span> 
     </span>
     <span class='ocr_line' id='line_1_15' title="bbox 144 1362 2159 1448; baseline -0.001 -19"><span class='ocrx_word' id='word_1_104' title='bbox 144 1369 276 1430; x_wconf 75' lang='lat' dir='ltr'><strong>—’eo</strong></span> <span class='ocrx_word' id='word_1_105' title='bbox 321 1367 420 1448; x_wconf 90' lang='lat' dir='ltr'><strong>ple</strong></span> <span class='ocrx_word' id='word_1_106' title='bbox 457 1366 509 1424; x_wconf 88' lang='lat' dir='ltr'><strong>is</strong></span> <span class='ocrx_word' id='word_1_107' title='bbox 561 1363 681 1448; x_wconf 76' lang='lat' dir='ltr'><strong>cito</strong></span> <span class='ocrx_word' id='word_1_108' title='bbox 707 1362 1149 1443; x_wconf 81' lang='lat' dir='ltr'><strong>publicarentur</strong></span> <span class='ocrx_word' id='word_1_109' title='bbox 1215 1362 1467 1422; x_wconf 67' lang='lat' dir='ltr'><strong>fortun-ze</strong></span> <span class='ocrx_word' id='word_1_110' title='bbox 1492 1379 1513 1432; x_wconf 71' lang='grc' dir='ltr'><strong><em>ς</em></strong></span> <span class='ocrx_word' id='word_1_111' title='bbox 1574 1364 1709 1442; x_wconf 90' lang='lat' dir='ltr'><strong>(nec</strong></span> <span class='ocrx_word' id='word_1_112' title='bbox 1757 1363 1915 1424; x_wconf 86' lang='lat' dir='ltr'><strong>enim</strong></span> <span class='ocrx_word' id='word_1_113' title='bbox 1970 1363 2159 1426; x_wconf 84' lang='lat' dir='ltr'><strong>ferme</strong></span> 
     </span>
     <span class='ocr_line' id='line_1_16' title="bbox 202 1440 2158 1526; baseline -0.001 -22"><span class='ocrx_word' id='word_1_114' title='bbox 202 1446 516 1526; x_wconf 85' lang='lat' dir='ltr'><strong>quicquam</strong></span> <span class='ocrx_word' id='word_1_115' title='bbox 543 1440 687 1522; x_wconf 86' lang='lat' dir='ltr'><strong>agri,</strong></span> <span class='ocrx_word' id='word_1_116' title='bbox 709 1440 866 1502; x_wconf 87' lang='lat' dir='ltr'><strong>utin</strong></span> <span class='ocrx_word' id='word_1_117' title='bbox 891 1443 1034 1501; x_wconf 87' lang='lat' dir='ltr'><strong>urbe</strong></span> <span class='ocrx_word' id='word_1_118' title='bbox 1061 1441 1257 1502; x_wconf 88' lang='lat' dir='ltr'><strong>alieno</strong></span> <span class='ocrx_word' id='word_1_119' title='bbox 1284 1441 1409 1501; x_wconf 87' lang='lat' dir='ltr'><strong>solo</strong></span> <span class='ocrx_word' id='word_1_120' title='bbox 1432 1441 1645 1521; x_wconf 88' lang='lat' dir='ltr'><strong>posita,</strong></span> <span class='ocrx_word' id='word_1_121' title='bbox 1668 1460 1788 1501; x_wconf 89' lang='lat' dir='ltr'><strong>non</strong></span> <span class='ocrx_word' id='word_1_122' title='bbox 1814 1441 1997 1502; x_wconf 84' lang='lat' dir='ltr'><strong>armis</strong></span> <span class='ocrx_word' id='word_1_123' title='bbox 2023 1463 2158 1523; x_wconf 82' lang='lat' dir='ltr'><strong>par-</strong></span> 
     </span>
     <span class='ocr_line' id='line_1_17' title="bbox 202 1519 2159 1600; baseline -0.001 -16"><span class='ocrx_word' id='word_1_124' title='bbox 202 1529 329 1584; x_wconf 85' lang='lat' dir='ltr'><strong>tum</strong></span> <span class='ocrx_word' id='word_1_125' title='bbox 375 1525 534 1591; x_wconf 76' lang='lat' dir='ltr'><strong>erat3</strong></span> <span class='ocrx_word' id='word_1_126' title='bbox 573 1539 706 1592; x_wconf 90' lang='lat' dir='ltr'><strong>nec,</strong></span> <span class='ocrx_word' id='word_1_127' title='bbox 745 1519 904 1600; x_wconf 85' lang='lat' dir='ltr'><strong>quod</strong></span> <span class='ocrx_word' id='word_1_128' title='bbox 929 1519 1195 1580; x_wconf 84' lang='lat' dir='ltr'><strong>venisset</strong></span> <span class='ocrx_word' id='word_1_129' title='bbox 1234 1519 1667 1600; x_wconf 81' lang='lat' dir='ltr'><strong>assignatumve</strong></span> <span class='ocrx_word' id='word_1_130' title='bbox 1695 1519 1931 1600; x_wconf 73' lang='lat' dir='ltr'><strong>publice</strong></span> <span class='ocrx_word' id='word_1_131' title='bbox 1971 1527 2159 1596; x_wconf 87' lang='lat' dir='ltr'><strong>esset,</strong></span> 
     </span>
     <span class='ocr_line' id='line_1_18' title="bbox 201 1595 2164 1685; baseline 0 -25"><span class='ocrx_word' id='word_1_132' title='bbox 201 1607 599 1685; x_wconf 76' lang='lat' dir='ltr'><strong>praeterquam</strong></span> <span class='ocrx_word' id='word_1_133' title='bbox 640 1600 807 1680; x_wconf 85' lang='lat' dir='ltr'><strong>plebs</strong></span> <span class='ocrx_word' id='word_1_134' title='bbox 845 1597 1118 1675; x_wconf 87' lang='lat' dir='ltr'><strong>habebat)</strong></span> <span class='ocrx_word' id='word_1_135' title='bbox 1156 1604 1325 1680; x_wconf 81' lang='lat' dir='ltr'><strong>atrox</strong></span> <span class='ocrx_word' id='word_1_136' title='bbox 1348 1597 1505 1678; x_wconf 89' lang='lat' dir='ltr'><strong>plebi</strong></span> <span class='ocrx_word' id='word_1_137' title='bbox 1530 1595 1923 1678; x_wconf 84' lang='lat' dir='ltr'><strong>Patribusque</strong></span> <span class='ocrx_word' id='word_1_138' title='bbox 1948 1619 2164 1679; x_wconf 89' lang='lat' dir='ltr'><strong>propo-</strong></span> 
     </span>
     <span class='ocr_line' id='line_1_19' title="bbox 202 1675 2159 1747; baseline -0.002 -6"><span class='ocrx_word' id='word_1_139' title='bbox 202 1681 382 1742; x_wconf 89' lang='lat' dir='ltr'><strong>situm</strong></span> <span class='ocrx_word' id='word_1_140' title='bbox 421 1677 728 1739; x_wconf 83' lang='lat' dir='ltr'><strong>videbatur</strong></span> <span class='ocrx_word' id='word_1_141' title='bbox 772 1683 1112 1747; x_wconf 71' lang='lat' dir='ltr'><strong>certamem</strong></span> <span class='ocrx_word' id='word_1_142' title='bbox 1164 1695 1274 1736; x_wconf 88' lang='lat' dir='ltr'><strong>nec</strong></span> <span class='ocrx_word' id='word_1_143' title='bbox 1321 1675 1538 1736; x_wconf 87' lang='lat' dir='ltr'><strong>tribuni</strong></span> <span class='ocrx_word' id='word_1_144' title='bbox 1580 1677 1858 1747; x_wconf 82' lang='lat' dir='ltr'><strong>militum,</strong></span> <span class='ocrx_word' id='word_1_145' title='bbox 1900 1679 2159 1738; x_wconf 84' lang='lat' dir='ltr'><strong>nuncin</strong></span> 
     </span>
     <span class='ocr_line' id='line_1_20' title="bbox 201 1753 2161 1848; baseline -0.002 -27"><span class='ocrx_word' id='word_1_146' title='bbox 201 1763 433 1830; x_wconf 78' lang='lat' dir='ltr'><strong>senatu,</strong></span> <span class='ocrx_word' id='word_1_147' title='bbox 456 1775 615 1816; x_wconf 89' lang='lat' dir='ltr'><strong>nunc</strong></span> <span class='ocrx_word' id='word_1_148' title='bbox 640 1756 704 1816; x_wconf 90' lang='lat' dir='ltr'><strong>in</strong></span> <span class='ocrx_word' id='word_1_149' title='bbox 743 1753 1012 1815; x_wconf 84' lang='lat' dir='ltr'><strong>conciliis</strong></span> <span class='ocrx_word' id='word_1_150' title='bbox 1038 1754 1281 1829; x_wconf 83' lang='lat' dir='ltr'><strong>privatis</strong></span> <span class='ocrx_word' id='word_1_151' title='bbox 1307 1754 1641 1848; x_wconf 81' lang='lat' dir='ltr'><strong>principum</strong></span> <span class='ocrx_word' id='word_1_152' title='bbox 1668 1755 1970 1836; x_wconf 85' lang='lat' dir='ltr'><strong>cogendis,</strong></span> <span class='ocrx_word' id='word_1_153' title='bbox 1994 1756 2161 1818; x_wconf 74' lang='lat' dir='ltr'><strong>viam</strong></span> 
     </span>
     <span class='ocr_line' id='line_1_21' title="bbox 201 1832 2157 1919; baseline -0.002 -21"><span class='ocrx_word' id='word_1_154' title='bbox 201 1833 433 1898; x_wconf 85' lang='lat' dir='ltr'><strong>consilii</strong></span> <span class='ocrx_word' id='word_1_155' title='bbox 480 1833 896 1904; x_wconf 81' lang='lat' dir='ltr'><strong>inveniebant3</strong></span> <span class='ocrx_word' id='word_1_156' title='bbox 936 1840 1117 1912; x_wconf 84' lang='lat' dir='ltr'><strong>quum</strong></span> <span class='ocrx_word' id='word_1_157' title='bbox 1147 1833 1262 1913; x_wconf 84' lang='lat' dir='ltr'><strong>Ap.</strong></span> <span class='ocrx_word' id='word_1_158' title='bbox 1300 1832 1619 1902; x_wconf 75' lang='lat' dir='ltr'><strong>ClaudiuS,</strong></span> <span class='ocrx_word' id='word_1_159' title='bbox 1646 1852 1830 1914; x_wconf 89' lang='lat' dir='ltr'><strong>nepos</strong></span> <span class='ocrx_word' id='word_1_160' title='bbox 1864 1836 2023 1919; x_wconf 59' lang='lat' dir='ltr'><strong>eus,</strong></span> <span class='ocrx_word' id='word_1_161' title='bbox 2048 1835 2157 1914; x_wconf 89' lang='lat' dir='ltr'><strong>qui</strong></span> 
     </span>
     <span class='ocr_line' id='line_1_22' title="bbox 202 1910 2159 2002; baseline 0.001 -28"><span class='ocrx_word' id='word_1_162' title='bbox 202 1911 502 1974; x_wconf 82' lang='lat' dir='ltr'><strong>decemvir</strong></span> <span class='ocrx_word' id='word_1_163' title='bbox 519 1911 745 2002; x_wconf 77' lang='lat' dir='ltr'><strong>legibus</strong></span> <span class='ocrx_word' id='word_1_164' title='bbox 765 1911 1094 1972; x_wconf 82' lang='lat' dir='ltr'><strong>scribendis</strong></span> <span class='ocrx_word' id='word_1_165' title='bbox 1108 1910 1321 1981; x_wconf 81' lang='lat' dir='ltr'><strong>fuerat,</strong></span> <span class='ocrx_word' id='word_1_166' title='bbox 1341 1910 1616 1972; x_wconf 86' lang='lat' dir='ltr'><strong>minimus</strong></span> <span class='ocrx_word' id='word_1_167' title='bbox 1638 1918 1879 1974; x_wconf 77' lang='lat' dir='ltr'><strong>natuex</strong></span> <span class='ocrx_word' id='word_1_168' title='bbox 1958 1917 2159 1976; x_wconf 82' lang='lat' dir='ltr'><strong>atrum</strong></span> 
     </span>
     <span class='ocr_line' id='line_1_23' title="bbox 203 1985 2157 2061; baseline 0.001 -8"><span class='ocrx_word' id='word_1_169' title='bbox 203 1989 474 2058; x_wconf 88' lang='lat' dir='ltr'><strong>concilio,</strong></span> <span class='ocrx_word' id='word_1_170' title='bbox 493 1985 712 2049; x_wconf 73' lang='lat' dir='ltr'><strong>dicitur</strong></span> <span class='ocrx_word' id='word_1_171' title='bbox 745 1989 989 2061; x_wconf 83' lang='lat' dir='ltr'><strong>dixisse,</strong></span> <span class='ocrx_word' id='word_1_172' title='bbox 1025 1989 1263 2048; x_wconf 81' lang='lat' dir='ltr'><strong>“Vetus</strong></span> <span class='ocrx_word' id='word_1_173' title='bbox 1304 2008 1369 2049; x_wconf 86' lang='lat' dir='ltr'><strong>se</strong></span> <span class='ocrx_word' id='word_1_174' title='bbox 1408 2005 1481 2048; x_wconf 83' lang='lat' dir='ltr'><strong>ac</strong></span> <span class='ocrx_word' id='word_1_175' title='bbox 1521 1989 1809 2051; x_wconf 77' lang='lat' dir='ltr'><strong>familiare</strong></span> <span class='ocrx_word' id='word_1_176' title='bbox 1836 1991 2157 2055; x_wconf 87' lang='lat' dir='ltr'><strong>consilium</strong></span> 
     </span>
     <span class='ocr_line' id='line_1_24' title="bbox 201 2065 2163 2149; baseline -0.001 -17"><span class='ocrx_word' id='word_1_177' title='bbox 201 2070 377 2132; x_wconf 88' lang='lat' dir='ltr'><strong>domo</strong></span> <span class='ocrx_word' id='word_1_178' title='bbox 401 2066 648 2137; x_wconf 83' lang='lat' dir='ltr'><strong>afferre3</strong></span> <span class='ocrx_word' id='word_1_179' title='bbox 686 2085 966 2148; x_wconf 84' lang='lat' dir='ltr'><strong>proavum</strong></span> <span class='ocrx_word' id='word_1_180' title='bbox 995 2065 1160 2127; x_wconf 72' lang='lat' dir='ltr'><strong>enim‘</strong></span> <span class='ocrx_word' id='word_1_181' title='bbox 1178 2086 1349 2127; x_wconf 88' lang='lat' dir='ltr'><strong>suum</strong></span> <span class='ocrx_word' id='word_1_182' title='bbox 1377 2066 1493 2149; x_wconf 88' lang='lat' dir='ltr'><strong>Ap.</strong></span> <span class='ocrx_word' id='word_1_183' title='bbox 1522 2068 1840 2129; x_wconf 84' lang='lat' dir='ltr'><strong>Claudium</strong></span> <span class='ocrx_word' id='word_1_184' title='bbox 1862 2070 2163 2131; x_wconf 85' lang='lat' dir='ltr'><strong>ostendis-</strong></span> 
     </span>
     <span class='ocr_line' id='line_1_25' title="bbox 203 2144 2159 2228; baseline -0.001 -17"><span class='ocrx_word' id='word_1_185' title='bbox 203 2170 271 2213; x_wconf 87' lang='lat' dir='ltr'><strong>se</strong></span> <span class='ocrx_word' id='word_1_186' title='bbox 293 2147 566 2210; x_wconf 86' lang='lat' dir='ltr'><strong>Patribus</strong></span> <span class='ocrx_word' id='word_1_187' title='bbox 605 2145 761 2207; x_wconf 83' lang='lat' dir='ltr'><strong>viam</strong></span> <span class='ocrx_word' id='word_1_188' title='bbox 792 2164 981 2222; x_wconf 48' lang='lat' dir='ltr'><strong>,unam</strong></span> <span class='ocrx_word' id='word_1_189' title='bbox 1025 2144 1425 2206; x_wconf 79' lang='lat' dir='ltr'><strong>dissolvendae</strong></span> <span class='ocrx_word' id='word_1_190' title='bbox 1463 2146 1796 2208; x_wconf 74' lang='lat' dir='ltr'><strong>tribuniciae</strong></span> <span class='ocrx_word' id='word_1_191' title='bbox 1838 2151 2159 2228; x_wconf 85' lang='lat' dir='ltr'><strong>potestatis</strong></span> 
     </span>
     <span class='ocr_line' id='line_1_26' title="bbox 200 2224 2159 2309; baseline -0.001 -20"><span class='ocrx_word' id='word_1_192' title='bbox 200 2248 310 2309; x_wconf 87' lang='lat' dir='ltr'><strong>per</strong></span> <span class='ocrx_word' id='word_1_193' title='bbox 327 2228 686 2307; x_wconf 85' lang='lat' dir='ltr'><strong>collegarum</strong></span> <span class='ocrx_word' id='word_1_194' title='bbox 710 2224 1211 2287; x_wconf 84' lang='lat' dir='ltr'><strong>intercessionem.</strong></span> <span class='ocrx_word' id='word_1_195' title='bbox 1292 2224 1493 2285; x_wconf 73' lang='lat' dir='ltr'><strong>Facile</strong></span> <span class='ocrx_word' id='word_1_196' title='bbox 1518 2226 1782 2286; x_wconf 84' lang='lat' dir='ltr'><strong>homines</strong></span> <span class='ocrx_word' id='word_1_197' title='bbox 1809 2246 1993 2286; x_wconf 86' lang='lat' dir='ltr'><strong>novos</strong></span> <span class='ocrx_word' id='word_1_198' title='bbox 2015 2246 2159 2287; x_wconf 87' lang='lat' dir='ltr'><strong>auc-</strong></span> 
     </span>
     <span class='ocr_line' id='line_1_27' title="bbox 201 2302 2159 2387; baseline -0.002 -19"><span class='ocrx_word' id='word_1_199' title='bbox 201 2308 440 2368; x_wconf 83' lang='lat' dir='ltr'><strong>toritate</strong></span> <span class='ocrx_word' id='word_1_200' title='bbox 465 2304 798 2387; x_wconf 87' lang='lat' dir='ltr'><strong>principum</strong></span> <span class='ocrx_word' id='word_1_201' title='bbox 823 2304 900 2365; x_wconf 91' lang='lat' dir='ltr'><strong>de</strong></span> <span class='ocrx_word' id='word_1_202' title='bbox 928 2302 1223 2365; x_wconf 85' lang='lat' dir='ltr'><strong>sententia</strong></span> <span class='ocrx_word' id='word_1_203' title='bbox 1264 2302 1497 2377; x_wconf 87' lang='lat' dir='ltr'><strong>deduci,</strong></span> <span class='ocrx_word' id='word_1_204' title='bbox 1522 2304 1573 2364; x_wconf 86' lang='lat' dir='ltr'><strong>si</strong></span> <span class='ocrx_word' id='word_1_205' title='bbox 1599 2308 1933 2383; x_wconf 84' lang='lat' dir='ltr'><strong>temporum</strong></span> <span class='ocrx_word' id='word_1_206' title='bbox 1971 2306 2159 2365; x_wconf 84' lang='lat' dir='ltr'><strong>inter-</strong></span> 
     </span>
     <span class='ocr_line' id='line_1_28' title="bbox 204 2380 2157 2473; baseline 0 -30"><span class='ocrx_word' id='word_1_207' title='bbox 204 2382 348 2444; x_wconf 87' lang='lat' dir='ltr'><strong>dum</strong></span> <span class='ocrx_word' id='word_1_208' title='bbox 389 2383 607 2462; x_wconf 69' lang='lat' dir='ltr'><strong>potius,</strong></span> <span class='ocrx_word' id='word_1_209' title='bbox 647 2403 825 2473; x_wconf 82' lang='lat' dir='ltr'><strong>quam</strong></span> <span class='ocrx_word' id='word_1_210' title='bbox 861 2386 978 2463; x_wconf 88' lang='lat' dir='ltr'><strong>maj</strong></span> <span class='ocrx_word' id='word_1_211' title='bbox 986 2382 1213 2452; x_wconf 79' lang='lat' dir='ltr'><strong>estatis,</strong></span> <span class='ocrx_word' id='word_1_212' title='bbox 1253 2400 1475 2443; x_wconf 86' lang='lat' dir='ltr'><strong>memor</strong></span> <span class='ocrx_word' id='word_1_213' title='bbox 1500 2380 1845 2444; x_wconf 84' lang='lat' dir='ltr'><strong>adhibeatur</strong></span> <span class='ocrx_word' id='word_1_214' title='bbox 1872 2384 2157 2444; x_wconf 80' lang='lat' dir='ltr'><strong>oratio.—</strong></span> 
     </span>
     <span class='ocr_line' id='line_1_29' title="bbox 203 2460 2187 2544; baseline 0.001 -23"><span class='ocrx_word' id='word_1_215' title='bbox 203 2461 321 2521; x_wconf 87' lang='lat' dir='ltr'><strong>Pro</strong></span> <span class='ocrx_word' id='word_1_216' title='bbox 347 2460 580 2518; x_wconf 80' lang='lat' dir='ltr'><strong>fortuna</strong></span> <span class='ocrx_word' id='word_1_217' title='bbox 604 2460 724 2518; x_wconf 82' lang='lat' dir='ltr'><strong>ilhs</strong></span> <span class='ocrx_word' id='word_1_218' title='bbox 749 2460 975 2520; x_wconf 83' lang='lat' dir='ltr'><strong>animos</strong></span> <span class='ocrx_word' id='word_1_219' title='bbox 1017 2480 1185 2533; x_wconf 55' lang='lat' dir='ltr'><strong>essej</strong></span> <span class='ocrx_word' id='word_1_220' title='bbox 1222 2460 1320 2519; x_wconf 86' lang='lat' dir='ltr'><strong>ubi</strong></span> <span class='ocrx_word' id='word_1_221' title='bbox 1368 2460 1627 2531; x_wconf 78' lang='lat' dir='ltr'><strong>videant,</strong></span> <span class='ocrx_word' id='word_1_222' title='bbox 1650 2461 1912 2543; x_wconf 84' lang='lat' dir='ltr'><strong>collegas</strong></span> <span class='ocrx_word' id='word_1_223' title='bbox 1938 2461 2187 2544; x_wconf 82' lang='lat' dir='ltr'><strong>princi-‘</strong></span> 
     </span>
     <span class='ocr_line' id='line_1_30' title="bbox 201 2534 2160 2624; baseline 0.005 -33"><span class='ocrx_word' id='word_1_224' title='bbox 201 2558 312 2621; x_wconf 72' lang='lat' dir='ltr'><strong>pes</strong></span> <span class='ocrx_word' id='word_1_225' title='bbox 337 2534 603 2624; x_wconf 45' lang='lat' dir='ltr'><strong>agendae·</strong></span> <span class='ocrx_word' id='word_1_226' title='bbox 629 2534 717 2593; x_wconf 83' lang='lat' dir='ltr'><strong>rei</strong></span> <span class='ocrx_word' id='word_1_227' title='bbox 757 2536 1006 2623; x_wconf 75' lang='lat' dir='ltr'><strong>gratiam</strong></span> <span class='ocrx_word' id='word_1_228' title='bbox 1046 2558 1280 2597; x_wconf 85' lang='lat' dir='ltr'><strong>omnem</strong></span> <span class='ocrx_word' id='word_1_229' title='bbox 1322 2538 1398 2596; x_wconf 62' lang='lat' dir='ltr'><strong>ad</strong></span> <span class='ocrx_word' id='word_1_230' title='bbox 1430 2540 1658 2621; x_wconf 84' lang='lat' dir='ltr'><strong>plebem</strong></span> <span class='ocrx_word' id='word_1_231' title='bbox 1682 2546 2160 2621; x_wconf 68' lang='lat' dir='ltr'><strong>praeoccupasse,</strong></span> 
     </span>
     <span class='ocr_line' id='line_1_31' title="bbox 203 2610 2161 2695; baseline 0 -19"><span class='ocrx_word' id='word_1_232' title='bbox 203 2636 322 2679; x_wconf 83' lang='lat' dir='ltr'><strong>nec</strong></span> <span class='ocrx_word' id='word_1_233' title='bbox 347 2616 542 2674; x_wconf 89' lang='lat' dir='ltr'><strong>locum</strong></span> <span class='ocrx_word' id='word_1_234' title='bbox 586 2631 651 2672; x_wconf 83' lang='lat' dir='ltr'><strong>m</strong></span> <span class='ocrx_word' id='word_1_235' title='bbox 674 2628 746 2671; x_wconf 87' lang='lat' dir='ltr'><strong>ea</strong></span> <span class='ocrx_word' id='word_1_236' title='bbox 787 2610 1057 2671; x_wconf 76' lang='lat' dir='ltr'><strong>relictum</strong></span> <span class='ocrx_word' id='word_1_237' title='bbox 1085 2614 1230 2680; x_wconf 80' lang='lat' dir='ltr'><strong>sibi3</strong></span> <span class='ocrx_word' id='word_1_238' title='bbox 1267 2612 1424 2673; x_wconf 85' lang='lat' dir='ltr'><strong>haud</strong></span> <span class='ocrx_word' id='word_1_239' title='bbox 1468 2620 1709 2695; x_wconf 75' lang='lat' dir='ltr'><strong>gravate</strong></span> <span class='ocrx_word' id='word_1_240' title='bbox 1754 2619 2161 2681; x_wconf 78' lang='lat' dir='ltr'><strong>acclinaturos</strong></span> 
     </span>
     <span class='ocr_line' id='line_1_32' title="bbox 203 2689 2157 2779; baseline 0.004 -27"><span class='ocrx_word' id='word_1_241' title='bbox 203 2714 271 2757; x_wconf 85' lang='lat' dir='ltr'><strong>se</strong></span> <span class='ocrx_word' id='word_1_242' title='bbox 297 2692 374 2753; x_wconf 89' lang='lat' dir='ltr'><strong>ad</strong></span> <span class='ocrx_word' id='word_1_243' title='bbox 401 2705 638 2753; x_wconf 85' lang='lat' dir='ltr'><strong>causam</strong></span> <span class='ocrx_word' id='word_1_244' title='bbox 683 2693 944 2762; x_wconf 71' lang='lat' dir='ltr'><strong>senatus,</strong></span> <span class='ocrx_word' id='word_1_245' title='bbox 985 2696 1094 2767; x_wconf 82' lang='lat' dir='ltr'><strong>per</strong></span> <span class='ocrx_word' id='word_1_246' title='bbox 1117 2689 1298 2771; x_wconf 60' lang='lat' dir='ltr'><strong>quam</strong></span> <span class='ocrx_word' id='word_1_247' title='bbox 1336 2693 1613 2755; x_wconf 77' lang='lat' dir='ltr'><strong>universo</strong></span> <span class='ocrx_word' id='word_1_248' title='bbox 1640 2694 1831 2757; x_wconf 87' lang='lat' dir='ltr'><strong>ordini</strong></span> <span class='ocrx_word' id='word_1_249' title='bbox 1856 2718 2011 2763; x_wconf 77' lang='lat' dir='ltr'><strong>,cum</strong></span> <span class='ocrx_word' id='word_1_250' title='bbox 2036 2698 2157 2779; x_wconf 88' lang='lat' dir='ltr'><strong>pri-</strong></span> 
     </span>
     <span class='ocr_line' id='line_1_33' title="bbox 205 2768 2155 2848; baseline 0.001 -13"><span class='ocrx_word' id='word_1_251' title='bbox 205 2772 462 2835; x_wconf 86' lang='lat' dir='ltr'><strong>moribus</strong></span> <span class='ocrx_word' id='word_1_252' title='bbox 489 2771 822 2832; x_wconf 80' lang='lat' dir='ltr'><strong>sel&#39;atrum</strong></span> <span class='ocrx_word' id='word_1_253' title='bbox 849 2768 1222 2832; x_wconf 81' lang='lat' dir='ltr'><strong>concilient.”</strong></span> <span class='ocrx_word' id='word_1_254' title='bbox 1285 2771 1359 2830; x_wconf 81' lang='grc' dir='ltr'>Ἀ</span> <span class='ocrx_word' id='word_1_255' title='bbox 1442 2772 1779 2835; x_wconf 86' lang='lat' dir='ltr'><strong>robantibus</strong></span> <span class='ocrx_word' id='word_1_256' title='bbox 1802 2776 2056 2848; x_wconf 80' lang='lat' dir='ltr'><strong>cunctiS,</strong></span> <span class='ocrx_word' id='word_1_257' title='bbox 2091 2782 2155 2837; x_wconf 86' lang='lat' dir='ltr'><strong>et</strong></span> 
     </span>
     <span class='ocr_line' id='line_1_34' title="bbox 206 2847 2155 2935; baseline -0.001 -20"><span class='ocrx_word' id='word_1_258' title='bbox 206 2858 346 2915; x_wconf 85' lang='lat' dir='ltr'><strong>ante</strong></span> <span class='ocrx_word' id='word_1_259' title='bbox 373 2870 575 2911; x_wconf 89' lang='lat' dir='ltr'><strong>omnes</strong></span> <span class='ocrx_word' id='word_1_260' title='bbox 617 2850 688 2922; x_wconf 87' lang='lat' dir='ltr'><strong>Q.</strong></span> <span class='ocrx_word' id='word_1_261' title='bbox 729 2848 978 2909; x_wconf 82' lang='lat' dir='ltr'><strong>Servilio</strong></span> <span class='ocrx_word' id='word_1_262' title='bbox 1017 2847 1245 2917; x_wconf 79' lang='lat' dir='ltr'><strong>Prisco,</strong></span> <span class='ocrx_word' id='word_1_263' title='bbox 1268 2870 1350 2931; x_wconf 90' lang='lat' dir='ltr'><strong>qu</strong></span> <span class='ocrx_word' id='word_1_264' title='bbox 1473 2870 1592 2911; x_wconf 86' lang='lat' dir='ltr'><strong>non</strong></span> <span class='ocrx_word' id='word_1_265' title='bbox 1632 2852 2055 2935; x_wconf 84' lang='lat' dir='ltr'><strong>degenerasset</strong></span> <span class='ocrx_word' id='word_1_266' title='bbox 2080 2856 2155 2914; x_wconf 88' lang='lat' dir='ltr'><strong>ab</strong></span> 
     </span>
     <span class='ocr_line' id='line_1_35' title="bbox 203 2926 2153 3011; baseline 0 -19"><span class='ocrx_word' id='word_1_267' title='bbox 203 2932 390 3010; x_wconf 83' lang='lat' dir='ltr'><strong>stirpe</strong></span> <span class='ocrx_word' id='word_1_268' title='bbox 437 2926 706 2995; x_wconf 86' lang='lat' dir='ltr'><strong>Claudia,</strong></span> <span class='ocrx_word' id='word_1_269' title='bbox 751 2926 1125 2987; x_wconf 83' lang='lat' dir='ltr'><strong>collaudante</strong></span> <span class='ocrx_word' id='word_1_270' title='bbox 1158 2930 1458 3005; x_wconf 85' lang='lat' dir='ltr'><strong>juvenem,</strong></span> <span class='ocrx_word' id='word_1_271' title='bbox 1500 2931 1797 3011; x_wconf 78' lang='lat' dir='ltr'><strong>negotium</strong></span> <span class='ocrx_word' id='word_1_272' title='bbox 1834 2933 2035 3000; x_wconf 77' lang='lat' dir='ltr'><strong>datur,</strong></span> <span class='ocrx_word' id='word_1_273' title='bbox 2060 2938 2153 3007; x_wconf 87' lang='lat' dir='ltr'><strong>ut,</strong></span> 
     </span>
     <span class='ocr_line' id='line_1_36' title="bbox 204 3000 2159 3087; baseline 0.002 -20"><span class='ocrx_word' id='word_1_274' title='bbox 204 3027 353 3087; x_wconf 86' lang='lat' dir='ltr'><strong>quos</strong></span> <span class='ocrx_word' id='word_1_275' title='bbox 378 3007 628 3085; x_wconf 87' lang='lat' dir='ltr'><strong>quisque</strong></span> <span class='ocrx_word' id='word_1_276' title='bbox 655 3009 856 3083; x_wconf 86' lang='lat' dir='ltr'><strong>posset</strong></span> <span class='ocrx_word' id='word_1_277' title='bbox 879 3022 952 3063; x_wconf 89' lang='lat' dir='ltr'><strong>ex</strong></span> <span class='ocrx_word' id='word_1_278' title='bbox 979 3000 1229 3084; x_wconf 84' lang='lat' dir='ltr'><strong>collegio</strong></span> <span class='ocrx_word' id='word_1_279' title='bbox 1250 3007 1634 3078; x_wconf 87' lang='lat' dir='ltr'><strong>tribunorum,</strong></span> <span class='ocrx_word' id='word_1_280' title='bbox 1672 3010 1749 3069; x_wconf 86' lang='lat' dir='ltr'><strong>ad</strong></span> <span class='ocrx_word' id='word_1_281' title='bbox 1777 3009 2159 3071; x_wconf 78' lang='lat' dir='ltr'><strong>intercessio-</strong></span> 
     </span>
     <span class='ocr_line' id='line_1_37' title="bbox 206 3081 2153 3167; baseline 0.003 -21"><span class='ocrx_word' id='word_1_282' title='bbox 206 3104 342 3146; x_wconf 86' lang='lat' dir='ltr'><strong>nem</strong></span> <span class='ocrx_word' id='word_1_283' title='bbox 369 3082 742 3163; x_wconf 86' lang='lat' dir='ltr'><strong>perlicerent.</strong></span> <span class='ocrx_word' id='word_1_284' title='bbox 818 3081 1010 3143; x_wconf 82' lang='lat' dir='ltr'><strong>Misso</strong></span> <span class='ocrx_word' id='word_1_285' title='bbox 1033 3091 1265 3152; x_wconf 85' lang='lat' dir='ltr'><strong>senatu,</strong></span> <span class='ocrx_word' id='word_1_286' title='bbox 1330 3091 1642 3145; x_wconf 83' lang='lat' dir='ltr'><strong>rensantur</strong></span> <span class='ocrx_word' id='word_1_287' title='bbox 1686 3089 1759 3146; x_wconf 86' lang='lat' dir='ltr'><strong>ab</strong></span> <span class='ocrx_word' id='word_1_288' title='bbox 1783 3088 1977 3167; x_wconf 85' lang='lat' dir='ltr'><strong>princi</strong></span> <span class='ocrx_word' id='word_1_289' title='bbox 2020 3088 2153 3151; x_wconf 81' lang='lat' dir='ltr'><strong>ibus</strong></span> 
     </span>
     <span class='ocr_line' id='line_1_38' title="bbox 204 3160 2155 3247; baseline 0.002 -24"><span class='ocrx_word' id='word_1_290' title='bbox 204 3160 457 3235; x_wconf 81' lang='lat' dir='ltr'><strong>tribuni3</strong></span> <span class='ocrx_word' id='word_1_291' title='bbox 497 3160 820 3234; x_wconf 84' lang='lat' dir='ltr'><strong>suadendo,</strong></span> <span class='ocrx_word' id='word_1_292' title='bbox 845 3160 1158 3230; x_wconf 88' lang='lat' dir='ltr'><strong>monendo,</strong></span> <span class='ocrx_word' id='word_1_293' title='bbox 1200 3160 1301 3240; x_wconf 89' lang='lat' dir='ltr'><strong>po}</strong></span> <span class='ocrx_word' id='word_1_294' title='bbox 1327 3160 1653 3242; x_wconf 79' lang='lat' dir='ltr'><strong>icendoque</strong></span> <span class='ocrx_word' id='word_1_295' title='bbox 1676 3173 1911 3247; x_wconf 83' lang='lat' dir='ltr'><strong>gratum</strong></span> <span class='ocrx_word' id='word_1_296' title='bbox 1940 3167 1960 3227; x_wconf 93' lang='lat' dir='ltr'><strong>i</strong></span> <span class='ocrx_word' id='word_1_297' title='bbox 2032 3168 2155 3228; x_wconf 84' lang='lat' dir='ltr'><strong>sin-</strong></span> 
     </span>
     <span class='ocr_line' id='line_1_39' title="bbox 169 3239 2159 3321; baseline 0.003 -20"><span class='ocrx_word' id='word_1_298' title='bbox 169 3250 184 3259; x_wconf 81' lang='lat'><strong><em>‘</em></strong></span> <span class='ocrx_word' id='word_1_299' title='bbox 205 3241 360 3321; x_wconf 83' lang='lat' dir='ltr'><strong>gulis</strong></span> <span class='ocrx_word' id='word_1_300' title='bbox 384 3239 678 3321; x_wconf 86' lang='lat' dir='ltr'><strong>privatim,</strong></span> <span class='ocrx_word' id='word_1_301' title='bbox 714 3246 943 3320; x_wconf 85' lang='lat' dir='ltr'><strong>gratum</strong></span> <span class='ocrx_word' id='word_1_302' title='bbox 969 3240 1245 3301; x_wconf 81' lang='lat' dir='ltr'><strong>universo</strong></span> <span class='ocrx_word' id='word_1_303' title='bbox 1270 3240 1500 3303; x_wconf 86' lang='lat' dir='ltr'><strong>senatui</strong></span> <span class='ocrx_word' id='word_1_304' title='bbox 1526 3241 1677 3315; x_wconf 85' lang='lat' dir='ltr'><strong>sore,</strong></span> <span class='ocrx_word' id='word_1_305' title='bbox 1713 3264 1816 3305; x_wconf 85' lang='lat' dir='ltr'><strong>sex</strong></span> <span class='ocrx_word' id='word_1_306' title='bbox 1853 3245 1933 3306; x_wconf 85' lang='lat' dir='ltr'><strong>ad</strong></span> <span class='ocrx_word' id='word_1_307' title='bbox 1970 3244 2159 3306; x_wconf 86' lang='lat' dir='ltr'><strong>inter-</strong></span> 
     </span>
     <span class='ocr_line' id='line_1_40' title="bbox 207 3316 2267 3405; baseline 0.004 -27"><span class='ocrx_word' id='word_1_308' title='bbox 207 3317 534 3379; x_wconf 84' lang='lat' dir='ltr'><strong>cessionem</strong></span> <span class='ocrx_word' id='word_1_309' title='bbox 561 3336 988 3396; x_wconf 85' lang='lat' dir='ltr'><strong>comparavere.</strong></span> <span class='ocrx_word' id='word_1_310' title='bbox 1065 3316 1427 3397; x_wconf 87' lang='lat' dir='ltr'><strong>Posteroque</strong></span> <span class='ocrx_word' id='word_1_311' title='bbox 1464 3318 1770 3401; x_wconf 78' lang='lat' dir='ltr'><strong>die-quum</strong></span> <span class='ocrx_word' id='word_1_312' title='bbox 1810 3342 1887 3385; x_wconf 81' lang='lat' dir='ltr'><strong>ex</strong></span> <span class='ocrx_word' id='word_1_313' title='bbox 1916 3336 2160 3405; x_wconf 87' lang='lat' dir='ltr'><strong>compo-</strong></span> <span class='ocrx_word' id='word_1_314' title='bbox 2266 3383 2267 3386; x_wconf 74' lang='grc'>,</span> 
     </span>
     <span class='ocr_line' id='line_1_41' title="bbox 209 3394 2267 3479; baseline 0.004 -23"><span class='ocrx_word' id='word_1_315' title='bbox 209 3396 324 3457; x_wconf 88' lang='lat' dir='ltr'><strong>sito</strong></span> <span class='ocrx_word' id='word_1_316' title='bbox 367 3396 618 3456; x_wconf 89' lang='lat' dir='ltr'><strong>relatum</strong></span> <span class='ocrx_word' id='word_1_317' title='bbox 659 3396 733 3454; x_wconf 86' lang='lat' dir='ltr'><strong>ad</strong></span> <span class='ocrx_word' id='word_1_318' title='bbox 777 3399 1043 3454; x_wconf 87' lang='lat' dir='ltr'><strong>senatum</strong></span> <span class='ocrx_word' id='word_1_319' title='bbox 1083 3400 1245 3454; x_wconf 87' lang='lat' dir='ltr'><strong>esset</strong></span> <span class='ocrx_word' id='word_1_320' title='bbox 1266 3394 1346 3457; x_wconf 91' lang='lat' dir='ltr'><strong>de</strong></span> <span class='ocrx_word' id='word_1_321' title='bbox 1390 3397 1702 3473; x_wconf 80' lang='lat' dir='ltr'><strong>seditione,</strong></span> <span class='ocrx_word' id='word_1_322' title='bbox 1727 3421 1905 3479; x_wconf 78' lang='lat' dir='ltr'><strong>quam</strong></span> <span class='ocrx_word' id='word_1_323' title='bbox 1934 3403 2157 3464; x_wconf 79' lang='lat' dir='ltr'><strong>Maeci-</strong></span> <span class='ocrx_word' id='word_1_324' title='bbox 2266 3397 2267 3404; x_wconf 38' lang='lat'>¹</span> 
     </span>
    </p>
   </div>
   <div class='ocr_carea' id='block_1_3' title="bbox 203 3470 2267 3561">
    <p class='ocr_par' dir='ltr' id='par_1_5' title="bbox 203 3470 2267 3561">
     <span class='ocr_line' id='line_1_42' title="bbox 203 3470 2267 3561; baseline 0.005 -27"><span class='ocrx_word' id='word_1_325' title='bbox 203 3472 321 3534; x_wconf 89' lang='lat' dir='ltr'><strong>lius</strong></span> <span class='ocrx_word' id='word_1_326' title='bbox 357 3470 744 3561; x_wconf 84' lang='lat' dir='ltr'><strong>Metiliusque</strong></span> <span class='ocrx_word' id='word_1_327' title='bbox 779 3470 1084 3550; x_wconf 73' lang='lat' dir='ltr'><strong>largitione</strong></span> <span class='ocrx_word' id='word_1_328' title='bbox 1124 3472 1365 3553; x_wconf 86' lang='lat' dir='ltr'><strong>pessimi</strong></span> <span class='ocrx_word' id='word_1_329' title='bbox 1390 3476 1643 3557; x_wconf 85' lang='lat' dir='ltr'><strong>exempli</strong></span> <span class='ocrx_word' id='word_1_330' title='bbox 1668 3478 2011 3553; x_wconf 82' lang='lat' dir='ltr'><strong>concirent3</strong></span> <span class='ocrx_word' id='word_1_331' title='bbox 2052 3502 2151 3543; x_wconf 83' lang='lat' dir='ltr'><strong>eae</strong></span> <span class='ocrx_word' id='word_1_332' title='bbox 2266 3497 2267 3510; x_wconf 63' lang='lat'>¹</span> 
     </span>
    </p>
   </div>
   <div class='ocr_carea' id='block_1_4' title="bbox 205 3545 2266 3743">
    <p class='ocr_par' dir='ltr' id='par_1_6' title="bbox 205 3545 2266 3743">
     <span class='ocr_line' id='line_1_43' title="bbox 205 3545 2159 3638; baseline 0.005 -27"><span class='ocrx_word' id='word_1_333' title='bbox 205 3545 563 3611; x_wconf 53' lang='lat' dir='ltr'><strong>orationes&amp;</strong></span> <span class='ocrx_word' id='word_1_334' title='bbox 583 3546 927 3638; x_wconf 78' lang='lat' dir='ltr'><strong>primoribus</strong></span> <span class='ocrx_word' id='word_1_335' title='bbox 955 3548 1197 3635; x_wconf 81' lang='lat' dir='ltr'><strong>Petrum</strong></span> <span class='ocrx_word' id='word_1_336' title='bbox 1236 3550 1447 3615; x_wconf 80' lang='lat' dir='ltr'><strong>habitae</strong></span> <span class='ocrx_word' id='word_1_337' title='bbox 1474 3560 1630 3625; x_wconf 86' lang='lat' dir='ltr'><strong>sunt,</strong></span> <span class='ocrx_word' id='word_1_338' title='bbox 1654 3562 1723 3616; x_wconf 87' lang='lat' dir='ltr'><strong>ut</strong></span> <span class='ocrx_word' id='word_1_339' title='bbox 1747 3576 1853 3636; x_wconf 89' lang='lat' dir='ltr'><strong>pro</strong></span> <span class='ocrx_word' id='word_1_340' title='bbox 1894 3578 1961 3621; x_wconf 87' lang='lat' dir='ltr'><strong>se</strong></span> <span class='ocrx_word' id='word_1_341' title='bbox 2028 3561 2159 3621; x_wconf 82' lang='lat' dir='ltr'><strong>uis-</strong></span> 
     </span>
     <span class='ocr_line' id='line_1_44' title="bbox 215 3624 2266 3743; baseline 0.011 -34"><span class='ocrx_word' id='word_1_342' title='bbox 215 3636 321 3709; x_wconf 65' lang='lat' dir='ltr'><strong>-ue</strong></span> <span class='ocrx_word' id='word_1_343' title='bbox 337 3628 466 3713; x_wconf 67' lang='lat' dir='ltr'><strong>jam</strong></span> <span class='ocrx_word' id='word_1_344' title='bbox 487 3644 602 3741; x_wconf 49' lang='grc' dir='ltr'><strong>περ</strong></span> <span class='ocrx_word' id='word_1_345' title='bbox 628 3624 938 3717; x_wconf 51' lang='lat' dir='ltr'><strong>sensilium.</strong></span> <span class='ocrx_word' id='word_1_346' title='bbox 963 3626 1072 3719; x_wconf 58' lang='lat' dir='ltr'><strong>sibi.</strong></span> <span class='ocrx_word' id='word_1_347' title='bbox 1117 3638 1431 3721; x_wconf 56' lang='lat' dir='ltr'><strong>suppetere</strong></span> <span class='ocrx_word' id='word_1_348' title='bbox 1456 3632 1702 3721; x_wconf 51' lang='lat' dir='ltr'><strong>siseres</strong></span> <span class='ocrx_word' id='word_1_349' title='bbox 1724 3652 1836 3723; x_wconf 66' lang='lat' dir='ltr'><strong>nes</strong></span> <span class='ocrx_word' id='word_1_350' title='bbox 1864 3655 1935 3729; x_wconf 66' lang='lat' dir='ltr'><strong>ss</strong></span> <span class='ocrx_word' id='word_1_351' title='bbox 2018 3638 2161 3728; x_wconf 64' lang='lat' dir='ltr'><strong>lm,</strong></span> <span class='ocrx_word' id='word_1_352' title='bbox 2264 3730 2266 3743; x_wconf 26' lang='lat' dir='ltr'><strong>ff</strong></span> 
     </span>
    </p>
   </div>
  </div>
 </body>
</html>
