2267 4000
798 225 805 232 .
895 135 1165 238 menn
1202 135 1279 202 V.
1476 139 1491 146 ”
1669 155 1676 163 ·
1936 155 2052 218 5355

82 281 258 354 omen
293 286 413 354 rati
436 291 740 376 adjuvere,
765 299 849 364 ut,
869 313 1046 376 quem
1071 295 1327 376 primum
1364 295 1427 358 in
1458 303 1674 360 terram
1704 300 1929 382 egressi
1952 323 2049 363 oc-

82 379 473 450 cupaverant,
503 372 692 434 locum
721 373 1057 450 patentibus
1084 374 1251 434 silvis
1290 381 1759 440 communirent:
1802 379 1918 460 ipsi
1942 400 2050 459 per

83 449 383 510 Taurinos
423 449 616 508 saltus
662 467 734 507 ue
772 451 1177 530 invios'mpes
1205 455 1739 516 transcenderunt:
1782 455 2049 536 fusisque

80 526 209 588 acie
237 525 468 586 Tuscis
506 469 658 588 hang
686 529 890 606 procul
920 529 1134 588 Ticino
1161 529 1422 600 flumine,
1443 552 1643 610 quum,
1667 535 1730 593 in
1756 553 1873 612 quo
1914 555 2053 596 con-

79 605 393 677 sederant,
417 623 623 684 agrum
653 606 981 666 Insubrium
1007 607 1294 686 appellari
1334 611 1661 682 audissent,
1702 613 2049 690 cognomine

81 683 432 743 Insubribus
459 685 610 762 pago
651 683 981 758 AEduorum
998 695 1022 743 'z
1065 686 1165 757 ihi,
1193 705 1364 764 omen
1408 695 1735 766 sequentes
1752 689 1887 758 loci,
1912 689 2052 750 coti·

79 761 292 820 didere
315 763 560 820 urbem:
603 761 1010 832 Mediolanum
1037 763 1435 843 appellarunt.
1474 819 1481 824 ,
1737 788 1739 792 ’

159 838 419 900 XXXV.
490 838 630 898 Alia
669 839 928 907 subinde
981 860 1191 902 manus
1246 841 1743 917 Cenomanorum,
1789 841 2051 902 Elitovio

80 917 235 978 duce
267 915 524 995 vestigia
552 917 808 996 prio-rum
835 925 1057 988 secuta,
1078 919 1285 979 eodem
1315 921 1491 992 saltu,
1514 919 1751 986 favente
1777 921 2053 980 Bellove-

8 1033 10 1036 >
85 1015 166 1066 s0,
193 1015 380 1074 quum
409 993 882 1054 transcendisset
923 996 1130 1076 AlpeS‚
1160 997 1253 1056 ubi
1290 1017 1448 1058 nunc
1488 998 1690 1060 Brixia
1717 1019 1785 1058 ac
1814 999 2053 1058 Verona

83 1077 257 1147 urbes
292 1078 458 1139 sunt,
479 1069 670 1146 (locos
709 1071 1189 1150 tenuereLibui)
1234 1075 1553 1150 considunt
1574 1096 1591 1146 3
1632 1084 1767 1156 post
1790 1075 1897 1134 hos
1926 1071 2054 1134 Sal-

83 1150 246 1221 luvii,
335 1167 480 1228 rope
525 1149 828 1228 antiquam
873 1155 1112 1230 gentem
1156 1153 1371 1212 Laevos
1416 1153 1691 1232 Ligures,
1722 1155 2053 1214 incolentes

83 1229 242 1289 circa
333 1228 557 1288 icinum
586 1247 854 1290 amnem.-
935 1227 1163 1291 Penino
1210 1231 1429 1296 deinde
1458 1231 1589 1290 Boii
1632 1231 2049 1311 Lingonesque

83 1306 476 1388 transgressi,
490 1321 670 1441 quum
687 1307 813 1386 jam
842 1306 998 1386 inter
1025 1309 1251 1368 Padum
1280 1319 1345 1368 at
1392 1329 1467 1370 ue
1495 1309 1680 1388 Alpes
1702 1307 1899 1368 omnia
1926 1316 2055 1381 ten-

83 1391 343 1454 erentur,
401 1379 487 1445 Pa
535 1401 568 1440 o
615 1385 838 1444 ratibus
878 1385 1169 1462 trajecto„
1191 1405 1309 1462 non
1390 1389 1652 1447 ‘truscos
1692 1385 1896 1456 mods,
1944 1383 2051 1448 sed

78 1462 257 1522 etiam
289 1461 570 1527 Umbros„
595 1477 734 1559 agro
759 1460 1030 1540 pellunt:
1052 1473 1062 1480 ·
1089 1461 1253 1522 intra
1278 1463 1657 1542 Apenninum
1686 1468 1885 1524 tamen
1916 1479 2048 1522 sese

81 1543 345 1601 tenuere.
431 1535 591 1596 Tum
618 1538 902 1608 >Senones
931 1537 1290 1600 recentisimi
1318 1538 1697 1610 advenarum
1724 1541 1796 1600 ab
1820 1539 2047 1602 Utente

79 1615 316 1680 flumine
346 1633 543 1694 usque
570 1613 646 1674 ad
669 1614 868 1696 AEsim
905 1613 1058 1675 finies
1071 1614 1341 1676 habuere.
1422 1617 1595 1677 Hanc
1628 1623 1869 1696 gentem
1908 1617 2053 1676 Clu-

81 1695 252 1764 sium,
279 1695 658 1772 Romamque
679 1691 838 1761 inde,
863 1693 1096 1753 venisse
1117 1695 1450 1785 comperio‚;
1495 1693 1555 1754 id
1583 1713 1789 1774 parum
1818 1699 2047 1754 certum
2113 1730 2121 1738 ·

81 1781 190 1849 est,
212 1773 511 1845 solamne,
539 1789 619 1830 an
647 1771 720 1830 ab
746 1771 1013 1843 omnibus
1053 1770 1492 1851 Cisalpinorum
1534 1772 1841 1833 Gallorum
1872 1791 2051 1862 popu-

83 1849 155 1910 lis
181 1853 473 1932 adjutam.
551 1848 802 1918 Clusini,
836 1868 986 1908 novo
1013 1850 1169 1908 bello
1196 1852 1487 1921 exterriti,
1512 1855 1693 1929 quum
1721 1849 2050 1929 multitudi-

86 1945 240 2003 nem,
265 1947 452 2011 quum
482 1926 696 1987 formas
733 1926 1032 1988 hominum
1071 1925 1407 2007 invisitatas
1435 1937 1749 1992 cernerent
1774 1937 1837 1990 et
1861 1922 2047 2009 genus

83 2024 400 2077 armorum,
427 2006 837 2084 audirentque,
863 2026 1026 2087 saepe
1055 2008 1128 2065 ab
1156 2006 1247 2077 iis,
1274 2006 1359 2067 cis
1387 2006 1618 2070 Padum
1642 2008 1940 2086 ultraque,
1966 2008 2051 2067 le-
2076 2034 2093 2053 ·

123 2086 285 2146 'ones
315 2088 704 2145 Etruscorum
729 2083 913 2155 fusas,
934 2099 1273 2162 quanquam
1294 2086 1579 2145 advers-us
1602 2086 1897 2161 Romanos
1924 2084 2057 2147 nul-

111 2168 212 2222 um‘
235 2164 324 2224 eis
355 2165 462 2243 jus
506 2159 806 2223 societatis
847 2161 1205 2222 amicitiaeve
1248 2168 1377 2222 erat
1414 2161 1530 2221 nisi
1572 2161 1733 2241 quod
1763 2162 2052 2231 Ve‘entes

85 2241 558 2319 consanguineos
604 2238 888 2299 adversus
915 2240 1195 2319 populum
1234 2238 1563 2302 Romanum
1608 2258 1725 2298 non
1754 2240 1828 2299 de
1858 2240 2057 2305 endis,—

85 2324 234 2389 sent,
261 2321 492 2400 legatos
521 2318 786 2386 Romam,
809 2317 908 2395 qui
938 2317 1219 2382 auxilium
1240 2317 1311 2373 ab
1338 2324 1551 2377 senatu
1570 2323 1861 2395 peterent,
1880 2317 2055 2377 mise-

89 2414 170 2455 re.
255 2398 344 2457 De
372 2394 595 2469 auxilio
612 2392 754 2453 nihil
785 2394 1204 2473 impetratum3
1240 2392 1421 2473 legati
1449 2401 1577 2455 tres
1606 2394 1693 2453 M.
1722 2394 1885 2454 Fabii
1918 2400 2058 2455 Am-

85 2472 241 2535 busti
268 2474 378 2536 filii
408 2473 603 2543 missi,·
627 2470 728 2549 q'ui
758 2478 1000 2533 senatus
1029 2470 1350 2552 populique
1377 2471 1633 2531 Romani
1662 2474 1901 2533 nomine
1925 2492 2062 2553 age·⁸
2108 2505 2114 2511 ἡ

87 2560 223 2611 rent
251 2572 386 2613 cum
415 2550 633 2619 Gallis,
658 2568 734 2610 ne
771 2548 816 2609 ἐἶ
841 2552 1050 2630 quibus
1095 2550 1321 2611 nullam
1352 2548 1628 2629 injuriam
1663 2552 2057 2631 accepissent,

87 2630 279 2693 socios
383 2628 510 2711 puli
537 2628 791 2689 Romani
813 2638 992 2709 atque
1013 2628 1238 2691 amicos
1260 2636 1692 2708 oppugnarent.
1732 2656 1739 2661 ·
1771 2628 2054 2687 Romanis

85 2724 187 2767 eos
214 2710 310 2769 bel
335 2728 372 2767 o
399 2727 654 2787 quoque,
681 2706 732 2766 si
757 2728 854 2768 res
882 2713 1078 2784 cogat,
1105 2707 1361 2765 tuendos
1390 2724 1521 2764 esse
1537 2725 1562 2773 3
1580 2705 1702 2763 ‘sed
1732 2706 1944 2765 melius
1972 2705 2059 2765 vi-

88 2800 238 2857 sum,
285 2785 506 2849 bellum
532 2788 727 2863 ipsum
773 2784 1054 2853 amoveri,
1090 2784 1142 2843 si
1188 2790 1429 2860 posset3
1484 2796 1547 2843 et
1574 2782 2059 2855 GalloS,‘novam

88 2869 344 2941 gentem,
343 2882 518 2997 xpace
547 2860 744 2938 potius
774 2860 1068 2941 cognosci,
1090 2859 1270 2938 quim
1300 2860 1505 2921 armis·

89 3018 274 3098 magis
303 3020 484 3099 quam
527 3020 808 3079 Romanis
836 3018 1079 3087 similes,
1101 3018 1404 3079 habuisset
1421 3036 1438 3087 3
1480 3018 1709 3096 quibus,
1740 3022 2056 3097 postquam

90 3096 370 3165 mandata
395 3096 718 3173 ediderunt,
733 3097 792 3157 in
822 3096 1076 3155 concilio
1105 3094 1637 3163 Gallorum‚.datur
1658 3115 2003 3174 responsum
2031 3114 2047 3153 z

93 3176 129 3209 “
153 3172 230 3233 Et
245 3175 298 3235 si
309 3196 526 3235 novum
549 3192 763 3235 nomen
785 3174 1032 3246 audiant
1059 3174 1477 3239 Romanorum,
1494 3178 1695 3233 tamen
1714 3173 1956 3235 credere
1974 3172 2060 3231 vi-

91 3267 186 3311 ros
213 3250 394 3315 fortes
421 3272 572 3323 esse,
594 3272 844 3331 quorum
868 3250 1217 3313 auxilium-a
1240 3248 1505 3323 Clusinis
1535 3250 1595 3312 in
1625 3271 1687 3311 re
1714 3257 1805 3311 tre
1850 3250 1949 3311 ida
1975 3249 2057 3313 sit

405 2940 450 3002 1.
491 2940 662 3002 Mitis
693 2938 926 3021 legatiO,
951 2938 1014 2999 ni
1056 2939 1419 3020 praeferoces
1457 2940 1705 3020 legatos,
1746 2938 2057 3018 Gallisque
2148 2938 2161 2953 '
2256 2936 2258 2943 '

90 3324 504 3405 imploratum;
562 3336 642 3399 et,
660 3329 944 3421 quoniam
971 3328 1268 3407 legatione
1296 3326 1581 3393 adversus
1618 3349 1683 3390 se
1720 3347 1815 3389 ma
1843 3330 2058 3400 sierint,
2158 3366 2163 3371 -
2256 3354 2258 3421 ]

137 3406 272 3467 uam
301 3408 504 3476 armis,
523 3414 680 3469 tueri
724 3408 931 3475 socios,
959 3426 1032 3465 ne
1054 3426 1117 3481 se
1136 3405 1377 3485 quidem
1400 3425 1630 3485 pacem,
1655 3427 1830 3485 quam
1863 3408 1953 3467 illi
1975 3404 2063 3465 af·
2146 3418 2150 3423 '

119 3494 317 3557 erant,
347 3484 672 3561 aspernari,
699 3484 750 3545 si
777 3483 990 3553 Gallis,
1018 3487 1324 3563 egentibus
1347 3503 1506 3562 agro,
1528 3504 1701 3561 quem
1733 3484 1914 3547 latius
1937 3502 2068 3565 pos-

77 3558 340 3636 ,uideant
357 3564 540 3647 quei‘m
569 3563 790 3632 colant,
811 3560 1066 3647 Clusini,
1087 3568 1315 3642 partem
1342 3560 1551 3624 finium
1576 3566 1908 3629 comedant
1930 3582 1947 3623 ε
1976 3561 2060 3625 al·
