2267 4000
891 250 1149 322 Lmen
1188 251 1258 315 v.
1710 333 1717 340 ¹
1943 209 2063 318 257

133 407 275 473 uam
301 411 378 472 ad
402 411 599 474 media
609 405 772 474 bella
790 406 990 473 haberi
1015 413 1227 473 solitus
1252 419 1397 483 erat,
1422 413 1840 490 (extenuantes
1864 412 2045 494 etiam
2083 485 2088 492 .
2144 475 2173 492 ,χ

87 431 311 551 {lamam
330 486 500 568 belli)
525 491 832 551 habebant·
937 491 1185 552 Interim
1213 485 1391 562 Galli,
1413 497 1721 570 postquam
1745 509 2045 570 accepere,

85 567 252 628 ultro
274 569 551 630 honorem
571 569 834 631 habitum
855 567 1233 630 violatoribus
1250 571 1403 660 juris
1432 570 1686 640 humani,
1702 569 2047 644 elusamque

84 645 448 726 legationem
495 667 660 707 suam
700 666 855 718 esse,
889 646 1207 727 flagrantes
1251 652 1361 716 ira,
1408 651 1575 728 cujus
1620 649 1911 727 impotens
1952 655 2047 708 est

87 743 260 804 gens,
279 725 592 786 confestim
623 725 804 806 signis
832 725 1150 794 convulsiS,
1175 725 1357 785 citato
1390 725 1628 818 agmine
1654 725 1769 786 it'er
1792 726 2053 807 ingredi·

87 810 290 863 untur.
370 803 469 862 Ad
496 819 744 882 quorum
770 803 1259 885 praetereuntium
1287 811 1500 883 raptim
1523 805 1841 864 tumultum
1863 825 2047 883 quum

85 879 394 940 exterritae
436 883 611 942 urbes
637 881 714 942 ad
749 902 914 942 arina
951 888 1389 950 concurrerent,
1432 881 1685 961 fugaque
1726 883 2048 963 agrestium

87 957 264 1020 fieret
291 959 539 1020 Romam
567 959 759 1028 seire,
776 977 988 1037 magno
1013 960 1271 1019 clamore
1292 959 1755 1039 significabant}
1785 981 2049 1038 quacun-

89 1054 210 1115 que
235 1039 416 1107 ibant,
455 1037 624 1116 equis
651 1038 908 1116 virisque
934 1037 1109 1118 longe
1136 1057 1205 1096 ac
1227 1036 1348 1096 la'te
1374 1035 1507 1097 fuso
1546 1039 1779 1118 agmine
1804 1041 2052 1102 immena

90 1133 230 1174 sum
265 1115 599 1176 obtinentes
639 1115 775 1175 loci.
873 1115 1017 1187 Sed,
1059 1115 1453 1176 antecedente
1494 1115 1654 1176 fam-‘i
1692 1118 2053 1200 nunciisque

91 1191 494 1270 Clusinorum,
539 1193 824 1273 deinceps
861 1193 1005 1254 inde
1037 1193 1286 1254 aliorum
1356 1193 1682 1272 opulorum,
1728 1197 2047 1274 plurimum

91 1272 334 1331 terroris
361 1271 608 1331 Romam·
638 1271 912 1333 celeritas
950 1271 1211 1332 hostium
1238 1279 1301 1332 tu
1328 1281 1413 1341 ιτς
1453 1273 1671 1354 quippe
1696 1274 1925 1354 quibust,
1950 1293 2051 1335 vei·

89 1349 185 1408 lut
212 1349 594 1410 tumultuario
619 1351 883 1412 exercitu
913 1351 1124 1428 raptim
1152 1350 1351 1419 ducto,
1382 1350 1537 1429 aegre
1564 1351 1639 1410 ad
1668 1352 2049 1412 undecimum

91 1427 352 1506 lapidem
380 1445 688 1487 occursum
715 1435 826 1497 est,
851 1431 973 1503 quii.
999 1427 1217 1487 flumen
1248 1429 1429 1498 Allia,
1460 1429 2052 1492 Crustuminismon·

91 1505 250 1564 tibus
275 1505 524 1584 praealto
548 1504 816 1565 defluens
843 1506 1030 1574 alven,
1054 1503 1208 1564 haud
1232 1505 1480 1564 multum
1507 1506 1664 1568 infra
1689 1511 1844 1572 viam
1873 1503 2053 1572 Tibe»

91 1583 226 1642 rino
251 1583 409 1643 amni
452 1583 748 1643 miscetur.
844 1583 975 1644 Jam
1005 1583 1201 1642 omnia
1228 1583 1435 1642 contra
1477 1586 1756 1664 circaque
1794 1590 2049 1650 hostium

90 1662 270 1740 plena
296 1663 482 1732 erant,
506 1667 570 1722 et
595 1667 735 1720 nata
757 1660 822 1722 in
850 1681 1031 1722 vanos
1057 1661 1347 1721 tumultus
1372 1681 1536 1742 gens,
1551 1665 1707 1724 truci
1728 1672 1905 1725 cantu
1929 1667 2050 1726 cla-

90 1740 348 1800 moribus
393 1759 464 1798 ue
491 1739 689 1808 variiS,
705 1739 998 1798 horrendo
1017 1745 1235 1799 cuncta
1262 1741 1703 1821 compleverant
1729 1763 1889 1802 sono.

169 1817 338 1878 XXX
403 1817 514 1882 111.
557 1817 644 1876 lbi
667 1816 888 1877 tribuni
915 1817 1187 1886 militum,
1213 1836 1330 1878 non
1358 1819 1491 1879 loco
1517 1821 1727 1880 castris
1749 1822 1888 1882 autc
1910 1828 2074 1906 eap·‘

86 1903 169 1968 to,
196 1914 314 1955 non
340 1895 698 1974 praemunito
724 1895 900 1964 vallo,
925 1895 1044 1974 quo
1083 1907 1361 1975 receptus
1403 1904 1585 1968 esset,
1634 1919 1751 1960 non
1782 1901 2039 1963 Deorum

89 1977 319 2044 saltem,
343 1972 395 2035 si
421 1993 540 2035 non
566 1973 886 2043 hominum,
909 1989 1217 2045 memoreS,
1232 1985 1355 2037 *nec
1380 1975 1701 2067 auspicato,
1724 2000 1832 2040 nec
1854 1979 2045 2053 litato,

87 2056 390 2114 instruunt
427 2052 614 2112 aciem
642 2052 958 2113 deductam
985 2054 1047 2113 in
1075 2072 1312 2121 cornua,
1354 2074 1429 2115 ne
1456 2059 1865 2122 circumveniri
1896 2060 2045 2121 mul-¹

85 2130 346 2192 titudine
372 2130 628 2190 hostium
668 2137 948 2209 possent3
1004 2147 1116 2190 nec
1144 2136 1344 2191 tamen
1376 2134 1601 2207 aequari
1628 2135 1853 2197 frontes
1883 2143 2045 2217 pote-

86 2214 240 2277 rant,
254 2224 434 2287 quum
456 2208 832 2269 extenuando
851 2207 1144 2267 infirmam
1167 2215 1229 2268 et
1250 2210 1347 2267 vix
1370 2211 1763 2272 cohaerentem
1782 2216 2041 2277 mediam
2125 2254 2133 2263 ·

86 2287 274 2349 aciem
302 2287 600 2347 haberent.
705 2286 958 2346 Paulum‘.
981 2294 1108 2346 erat
1150 2288 1223 2344 ab
1264 2286 1475 2347 dextra
1514 2290 1659 2349 editi
1703 2289 1836 2362 loci,
1861 2294 2041 2371 quein

85 2363 450 2427 subsidiariis
478 2364 694 2443 repleri
721 2363 982 2458 placuit}
1023 2382 1209 2442 eaque
1238 2382 1352 2445 res,
1376 2373 1441 2424 ut
1468 2366 1700 2426 initium
1728 2370 1958 2449 pavoris
1972 2390 2046 2433 ac

81 2444 269 2525 fugae,
295 2442 381 2502 sie
407 2462 528 2502 una
553 2442 715 2501 salus
741 2440 1099 2531 fugientibus
1125 2442 1253 2502 fuit.
1356 2442 1515 2503 Nam
1545 2444 1843 2520 Brennus,
1875 2470 2047 2531 regu-

83 2524 180 2582 lus
209 2520 533 2588 Gallorum,
560 2519 621 2579 in
663 2525 960 2599 paucitate
1003 2519 1258 2581 hostium
1298 2528 1486 2583 artem
1529 2524 1779 2586 maxime
1808 2530 2045 2598 timenS,

81 2606 250 2661 ratus
262 2598 351 2658 ad
373 2596 436 2659 id
464 2604 702 2677 captum
727 2598 1086 2677 superiorem
1113 2598 1328 2669 locum,
1349 2607 1435 2671 ut,
1460 2600 1737 2663 ubi‘Gani
1754 2624 1891 2665 eum
1912 2608 2041 2669 acie

81 2680 379 2757 legionum
407 2680 576 2746 recta
603 2676 796 2737 fronte
826 2678 1359 2747 concucurrissent,
1401 2680 1663 2741 subsidia
1707 2682 1768 2741 in
1800 2702 2043 2746 aversos

79 2763 566 2835 transversosque
607 2754 892 2835 impetum
921 2755 1151 2821 darent,
1192 2755 1266 2813 ad
1295 2755 1674 2835 subsidiarios
1708 2758 1876 2851 signa
1903 2782 2045 2822 con-2

79 2833 303 2895 vertit:
344 2832 394 2892 si
421 2852 524 2893 eos
549 2836 681 2892 loco
703 2831 1047 2911 depulisset,
1073 2830 1225 2889 baud
1252 2831 1481 2902 dubius,
1507 2833 1741 2911 facilem
1768 2858 1831 2897 in
1864 2858 1913 2899 ae
1961 2859 2039 2906 uo

80 2910 280 2991 campi
321 2916 552 2971 tantum
595 2908 896 2990 superanti
939 2907 1305 2969 multitudini
1346 2913 1651 2973 victoriam
1679 2914 1801 2975 fore
1825 2939 1844 2988 3
1886 2936 1920 2976 a
1962 2936 2037 2978 eo

79 3008 202 3053 non
230 2989 466 3049 fortuna
489 2988 683 3058 modo,
709 2988 812 3048 sed
845 2986 993 3049 ratio
1013 2985 1210 3058 etiam,
1234 3008 1367 3047 cum
1396 2990 1653 3051 barbaris
1681 2995 1894 3054 stabat.
1960 2994 2038 3056 In

79 3070 274 3130 altera
298 3066 426 3127 acie
453 3066 592 3127 nihil
623 3067 816 3127 simile
841 3064 1145 3135 Romame,
1170 3086 1286 3125 non
1317 3068 1475 3147 apud
1496 3068 1701 3141 duceS,
1730 3088 1845 3133 non
1874 3074 2037 3155 apud

79 3147 329 3216 milites,
351 3150 510 3212 erat3
551 3147 736 3237 pavor
773 3144 834 3204 fu
915 3162 1030 3223 que
1064 3150 1466 3223 ,occupaverat
1492 3146 1737 3219 animos,
1762 3155 1824 3210 et
1863 3156 2035 3213 tanta

84 3224 386 3301 hominum
409 3223 642 3293 oblivio,
659 3230 728 3283 ut
748 3244 843 3283 mu
873 3232 935 3284 to
957 3224 1147 3303 major
1166 3242 1301 3302 pars
1321 3220 1520 3315 VejeS,
1540 3224 1601 3285 in
1623 3224 1876 3288 hostium
1904 3230 2035 3291 urb-

80 3324 207 3374 em,
227 3318 406 3381 quum
448 3300 682 3362 Tiberis
705 3310 956 3370 arceret,
979 3300 1160 3381 quim
1208 3306 1370 3361 recto
1410 3300 1621 3363 itinere
1664 3304 1911 3367 Romam
1952 3310 2033 3374 ad

81 3383 366 3461 conjuges
394 3400 464 3440 ac
491 3379 703 3440 liberos
731 3378 1028 3460 fugerent.'
1119 3377 1442 3459 Parumper
1472 3380 1849 3445 subsidiarios
1873 3391 2033 3450 tutn-

80 3467 182 3522 tus
205 3464 300 3521 est
325 3459 517 3527 locus;
547 3457 615 3517 'in
636 3456 866 3537 reliqua
889 3455 1016 3518 acie
1044 3456 1220 3517 simul
1248 3462 1342 3517 est
1367 3458 1607 3531 clamor,
1649 3462 1927 3541 proximis
1955 3470 2031 3529 ab

81 3541 294 3609 latere,
313 3536 537 3596 ultimis
558 3536 630 3597 ab
653 3538 838 3614 tergo,
862 3533 1118 3605 auditus,
1142 3534 1406 3615 ignotum
1433 3536 1657 3598 hostem
1685 3542 1848 3620 prius
1874 3534 2050 3623 penca⁶

80 3616 262 3699 quam
287 3614 580 3685 viderent,
621 3632 738 3682 non
761 3613 958 3673 mode
981 3632 1103 3673 non
1128 3618 1403 3675 tentante
1444 3620 1790 3693 certamine,
1816 3621 1922 3679 sed
1949 3642 2048 3685 ne.

80 3698 340 3759 clamore
363 3692 602 3773 quidem
642 3690 898 3829 tetigit?
917 3690 1137 3771 integri
1169 3689 1493 3770 intactique
1516 3694 1812 3776 fugerunt.
1888 3698 2025 3765 Nec
2042 3744 2057 3751 -
