2267 4000
869 145 1124 209 LIBER
1161 145 1245 210 11.
1947 153 2028 218 Εἴ

48 295 217 380 pitio
264 304 547 367 utebatur
570 301 721 364 Attii
748 301 935 364 Tulli.
1010 298 1220 382 Longe
1264 300 1318 362 is
1352 305 1479 364 tum
1510 301 1796 384 princeps
1821 301 2022 366 Volsci

44 380 333 443 nominis
360 388 501 454 erat,
534 382 934 460 Romanisque
962 400 1195 462 semper
1217 379 1470 442 infestus
1493 402 1512 452 ;
1550 381 1636 443 ita
1661 400 1848 462 quum
1877 379 2024 442 alte-

54 477 205 536 rum
238 466 413 522 vetus
458 457 675 530 odium,
714 461 971 522 alterum
1008 460 1097 521 ira
1141 479 1347 522 recens
1389 459 1738 534 stimularet,
1779 457 2034 520 consilia

54 535 391 600 conferunt
432 539 507 602 de
556 541 824 600 Romano
860 539 1034 601 bello.
1112 538 1288 598 Haud
1315 536 1492 599 facile
1539 538 1880 618 credebant,
1903 537 2034 618 ple-

51 613 194 674 bem
222 636 399 678 suam
442 617 670 697 impelli
710 635 897 697 posse,
940 621 1009 678 ut
1033 616 1212 677 toties
1253 615 1572 679 infeliciter
1610 622 1838 678 tentata
1863 635 2034 678 arma

50 704 403 772 caperent3
440 697 646 756 multis
687 715 847 786 saepe
874 694 1065 765 bellis,
1102 695 1444 774 pestilentia
1485 693 1782 778 postremo
1807 693 2030 756 amissa

35 769 405 848 juventute,
446 774 664 834 fractos
704 774 944 854 spu-itus
984 793 1153 836 essee
1197 777 1326 832 arte
1368 774 1659 834 avendum
1706 773 1768 834 in
1793 773 2028 836 exoleto

34 849 176 926 jam
224 858 531 916 vetustate
580 853 734 922 odio,
778 857 845 918 ut
884 851 1112 916 recenti
1154 851 1362 930 aliqua
1402 825 1497 910 fra
1543 853 2025 914 exacerbarentur

38 944 271 988 *am-mi.
471 971 475 976 -

132 1005 439 1068 XXXVI.
477 1005 644 1069 Ludi
668 1005 819 1066 forte
844 1025 919 1068 ex
945 1005 1369 1086 instauratione
1396 1028 1458 1068 m
1574 1008 1595 1068 i
1621 1007 1830 1080 Romae
1940 1027 2028 1074 ra·

47 1081 341 1156 bantur-3
380 1083 746 1147 instaurandi
790 1084 920 1160 haec
945 1103 1146 1148 „causa
1192 1083 1402 1147 fuerat.
1539 1087 1672 1148 udis
1713 1105 1846 1146 man
1904 1105 2024 1150 ser-

40 1178 209 1220 vum
240 1161 483 1241 quidam
518 1151 947 1243 paterfamiliae,
988 1163 1251 1224 nondum
1299 1165 1613 1227 commisso
1659 1166 2022 1246 spectaculo,

50 1240 177 1298 sub
206 1239 381 1302 furca
408 1261 629 1302 caesum
673 1243 866 1304 medio
906 1248 1105 1324 egerat
1132 1244 1331 1304 circo:
1377 1245 1565 1326 coepti
1589 1245 1732 1304 inde
1759 1245 1906 1313 ludi,
1928 1263 2030 1304 ve-

46 1315 152 1376 lut
182 1337 265 1378 ea
292 1340 385 1381 res
412 1320 556 1381 nihil
597 1319 673 1380 ad
700 1321 1039 1402 religionem
1080 1323 1482 1402 pertinuisset„
1562 1321 1743 1382 Haud
1769 1319 1855 1382 ita
1883 1321 2031 1382 mul-

49 1395 121 1454 ΐὸ
144 1401 313 1475 post,
336 1399 433 1458 Ti.
458 1397 687 1468 Atinio,
722 1398 797 1458 de
824 1400 995 1478 plebe
1018 1399 1262 1470 homini,
1312 1401 1604 1462 somnium
1632 1399 1766 1460 fuit.
1846 1398 2028 1460 Visus

46 1474 307 1553 Jupiter
353 1477 577 1554 dicere,
654 1484 687 1512 ‘⁶
714 1474 837 1534 Sibi
882 1475 1045 1534 ludis
1086 1477 1564 1553 praesultatorem
1609 1477 2030 1558 displicuisse3

48 1553 179 1612 nisi
212 1553 533 1632 magnifice
573 1553 1044 1613 instaurarentur
1066 1551 1127 1611 hi
1173 1552 1319 1621 ludi,
1344 1556 1669 1632 periculum
1714 1556 1843 1615 urbi
1868 1555 2028 1614 forez

48 1629 202 1701 iret,
246 1651 317 1690 ea
344 1632 683 1692 consulibus
711 1629 1068 1692 nunciaret-'⁹
1145 1628 1496 1708 Quanquam
1521 1631 1676 1702 haud
1717 1633 1859 1692 sane
1883 1633 2032 1694 liber

50 1717 197 1770 erat
227 1707 514 1789 religione
540 1709 787 1778 animus:
834 1709 1189 1785 verecundia
1214 1716 1414 1770 tamen
1459 1709 1784 1789 majestatis
1824 1709 2034 1788 magis-

52 1792 337 1848 tratuum
365 1788 637 1852 timorem
663 1787 829 1859 vicit,
853 1807 930 1847 ne
956 1786 1017 1848 in
1040 1807 1152 1854 ora¹
1177 1787 1474 1848 hominum
1503 1808 1612 1869 pro
1638 1787 1888 1850 ludibrio
1912 1787 2032 1853 abi·

44 1871 179 1926 ‘ret-
262 1865 489 1947 Magno
532 1867 622 1927 illi
663 1887 734 1927 ea
772 1865 1071 1926 cunctatio
1117 1865 1308 1936 stetit,
1349 1865 1532 1927 filium
1577 1886 1828 1949 namque
1871 1869 2030 1930 intra

55 1962 292 2023 paucos
320 1943 449 2007 dies
486 1945 719 2027 amisit:
762 1947 931 2026 cujus
958 1946 1288 2027 repentinae
1317 1945 1504 2008 cladis
1532 1967 1608 2009 ne
1633 1967 1814 2009 causa
1846 1946 2026 2009 dubia

58 2030 275 2093 essetf
298 2044 453 2104 aegro
476 2024 657 2087 animi
682 2024 909 2107 eadem¹
932 2024 1038 2085 illa
1073 2026 1134 2085 in
1185 2026 1406 2087 somnis
1447 2030 1752 2091 obversata
1793 2027 2027 2107 species

60 2100 203 2161 visa
246 2109 346 2162 est
380 2104 649 2183 rogitare,
687 2108 725 2139 ‘⁸
744 2103 946 2163 Satin”
984 2123 1254 2184 magnam
1297 2107 1480 2185 spreti
1517 2116 1553 2141 ‘⁸
1570 2105 1831 2178 numinis
1857 2106 2030 2163 habe·

61 2185 165 2237 ret
185 2181 562 2245 mercedem?
602 2182 881 2261 majorem
907 2179 1148 2251 instare,
1174 2184 1356 2242 ni-eat
1379 2202 1648 2259 propere,
1673 2200 1744 2237 ac
1773 2179 2024 2240 nunciet

64 2258 465 2319 consulibus.”
540 2260 673 2319 Jarn
699 2260 1049 2335 praesentior
1092 2278 1188 2315 res
1223 2265 1382 2315 eratz
1423 2260 1806 2315 cunctantem
1831 2264 2030 2317 tamen

64 2352 137 2393 ac
168 2337 573 2416 prolatantem
598 2334 811 2410 ingens
837 2333 930 2390 vis
956 2332 1138 2391 morbi
1165 2332 1373 2391 adorta
1413 2339 1508 2393 est
1547 2332 1848 2395 debilitate
1875 2332 2032 2395 subiss

66 2417 157 2479 ta,
250 2416 413 2471 Tum
444 2411 742 2470 enimvero
784 2410 1043 2477 Deorum
1090 2408 1178 2470 ira
1219 2410 1560 2473 admonuitz
1615 2412 1808 2475 fessus
1851 2413 2030 2494 igitur

64 2491 255 2552 malis
282 2488 611 2571 praeteritis·
641 2488 1133 2569 instantibusque,
1174 2491 1418 2553 consilio
1447 2492 1904 2573 propinquorum
1927 2494 2030 2553 ad-

65 2568 261 2631 hibito
287 2588 469 2649 quum
507 2568 633 2627 visa
658 2574 835 2647 atque
876 2568 1093 2649 audita,
1134 2576 1196 2629 et
1221 2571 1590 2633 obversatum
1617 2570 1794 2641 toties
1823 2588 2028 2634 somno

67 2648 301 2718 Jovem,
329 2649 517 2709 minas
562 2646 795 2725 irasque
824 2648 1121 2716 coelestes,
1146 2656 1603 2727 repraesentatas
1629 2650 1860 2709 casibus
1887 2649 2028 2717 suis,

71 2727 480 2809 exposuisset3
520 2744 815 2785 consensu
862 2725 1003 2783 inde
1043 2722 1198 2782 haud
1241 2726 1418 2783 dubio
1459 2726 1738 2793 omnium,
1763 2726 1866 2802 qui
1891 2727 2030 2787 ade-

72 2811 231 2875 rant,
259 2806 315 2865 in
346 2806 537 2868 forum
564 2804 639 2863 ad
668 2800 943 2861 consules
968 2801 1186 2859 lectica
1213 2800 1514 2869 misertum
1553 2799 1694 2859 inde
1719 2803 1780 2858 in
1805 2804 2028 2861 curiam

68 2884 239 2961 jussu
270 2882 578 2943 consulum
606 2880 858 2949 delatus,
884 2878 1091 2937 eadem
1130 2876 1236 2937 illa
1277 2894 1458 2956 quum
1503 2876 1776 2939 Patribus
1801 2876 2031 2957 ingenti

80 2962 341 3022 omnium
386 2955 773 3020 admiratione
820 2960 1191 3026 enarrassem
1247 2976 1388 3015 ecce
1435 2954 1596 3015 aliud
1645 2956 2027 3019 miraculume

122 3042 187 3100 ui
214 3048 422 3120 captus
450 3036 715 3097 omnibus
744 3034 1019 3095 membris
1062 3034 1296 3095 delatus
1323 3034 1384 3095 in
1427 3035 1648 3103 curiam
1676 3041 1855 3109 esset,
1891 3056 2028 3099 eum

80 3060 352 3179 §unctum
379 3114 567 3177 officio
594 3114 839 3197 pedibus
867 3114 991 3175 suis'
1017 3114 1256 3175 domum
1299 3112 1568 3185 rediisse,
1595 3115 1877 3176 traditum
1905 3138 2026 3181 me-

87 3198 287 3257 moriae
318 3202 427 3257 est.
1210 3210 1251 3243 o*

164 3273 476 3335 XXXVII.
516 3272 675 3333 Ludi
700 3271 883 3351 quam-
904 3270 1250 3352 amplissimi
1292 3274 1362 3331 ut
1387 3270 1614 3343 fierent,
1642 3276 1885 3334 senatus
1925 3276 2027 3339 de-

88 3356 293 3415 crevit.
369 3351 467 3411 Ad
496 3372 597 3415 eos
624 3351 815 3423 ludos,
840 3358 1077 3413 auctore
1102 3352 1272 3411 Attio
1299 3350 1498 3421 Tullo,
1523 3352 1612 3413 vis
1629 3370 1841 3431 magna
1857 3354 2029 3415 Vols-

96 3452 291 3496 corum
316 3430 497 3492 venit.
572 3428 920 3507 Priusquam
962 3431 1472 3491 committerentur
1512 3430 1655 3501 ludi,
1699 3431 1938 3497 Tullus,
1959 3436 2031 3488 ut

94 3510 249 3570 domi
276 3508 653 3589 compositum
697 3526 831 3579 cum
872 3506 1103 3567 Marcio
1146 3510 1356 3577 fuerat,
1393 3508 1468 3567 ad
1511 3508 1786 3569 consules
1827 3506 1994 3589 venit
2012 3521 2029 3556 z

96 3588 243 3651 dicit
266 3607 419 3660 esse,
446 3606 583 3669 quae
611 3582 843 3648 secreto
883 3604 1059 3664 agere
1085 3585 1162 3645 de
1207 3584 1510 3665 republica
1527 3585 1698 3645 -velit.
1779 3579 2034 3637 Arbttrffl
