<?xml version="1.0" encoding="UTF-8"?>
<!DOCTYPE html PUBLIC "-//W3C//DTD XHTML 1.0 Transitional//EN"
    "http://www.w3.org/TR/xhtml1/DTD/xhtml1-transitional.dtd">
<html xmlns="http://www.w3.org/1999/xhtml" xml:lang="en" lang="en">
 <head>
  <title>
</title>
<meta http-equiv="Content-Type" content="text/html;charset=utf-8" />
  <meta name='ocr-system' content='tesseract 3.04.00' />
  <meta name='ocr-capabilities' content='ocr_page ocr_carea ocr_par ocr_line ocrx_word'/>
</head>
<body>
  <div class='ocr_page' id='page_1' title='image "./titiliviipatavi06livygoog_0096.png"; bbox 0 0 2267 4000; ppageno 0'>
   <div class='ocr_carea' id='block_1_1' title="bbox 232 149 1380 224">
    <p class='ocr_par' dir='ltr' id='par_1_1' title="bbox 232 149 1380 224">
     <span class='ocr_line' id='line_1_1' title="bbox 232 149 1380 224; baseline -0.01 0"><span class='ocrx_word' id='word_1_1' title='bbox 232 160 311 224; x_wconf 72' lang='lat'><strong>88</strong></span> <span class='ocrx_word' id='word_1_2' title='bbox 1034 154 1112 214; x_wconf 90' lang='grc' dir='ltr'><strong>Τ.</strong></span> <span class='ocrx_word' id='word_1_3' title='bbox 1149 149 1380 214; x_wconf 79' lang='lat' dir='ltr'><strong>mvn.</strong></span> 
     </span>
    </p>
   </div>
   <div class='ocr_carea' id='block_1_2' title="bbox 135 296 2253 2109">
    <p class='ocr_par' dir='ltr' id='par_1_2' title="bbox 135 296 2253 1729">
     <span class='ocr_line' id='line_1_2' title="bbox 238 296 2222 391; baseline -0.003 -17"><span class='ocrx_word' id='word_1_4' title='bbox 238 315 496 386; x_wconf 83' lang='lat' dir='ltr'><strong>remotis,</strong></span> <span class='ocrx_word' id='word_1_5' title='bbox 532 320 574 354; x_wconf 74' lang='lat'><strong>‘⁸</strong></span> <span class='ocrx_word' id='word_1_6' title='bbox 588 296 879 381; x_wconf 52' lang='lat' dir='ltr'><strong>Inritus?</strong></span> <span class='ocrx_word' id='word_1_7' title='bbox 914 310 1127 391; x_wconf 77' lang='lat' dir='ltr'><strong>inquit,</strong></span> <span class='ocrx_word' id='word_1_8' title='bbox 1165 314 1205 348; x_wconf 74' lang='lat'><strong>‘⁸</strong></span> <span class='ocrx_word' id='word_1_9' title='bbox 1219 307 1380 390; x_wconf 88' lang='lat' dir='ltr'><strong>quod</strong></span> <span class='ocrx_word' id='word_1_10' title='bbox 1407 306 1646 387; x_wconf 73' lang='lat' dir='ltr'><strong>sequius</strong></span> <span class='ocrx_word' id='word_1_11' title='bbox 1670 308 1769 378; x_wconf 85' lang='lat' dir='ltr'><strong>sit,</strong></span> <span class='ocrx_word' id='word_1_12' title='bbox 1788 305 1866 368; x_wconf 87' lang='lat' dir='ltr'><strong>de</strong></span> <span class='ocrx_word' id='word_1_13' title='bbox 1893 305 2052 368; x_wconf 80' lang='lat' dir='ltr'><strong>meis</strong></span> <span class='ocrx_word' id='word_1_14' title='bbox 2077 304 2222 368; x_wconf 55' lang='lat' dir='ltr'><strong>civ-</strong></span> 
     </span>
     <span class='ocr_line' id='line_1_3' title="bbox 230 386 2220 472; baseline -0.003 -20"><span class='ocrx_word' id='word_1_15' title='bbox 230 393 365 454; x_wconf 86' lang='lat' dir='ltr'><strong>ibus</strong></span> <span class='ocrx_word' id='word_1_16' title='bbox 390 395 613 472; x_wconf 89' lang='lat' dir='ltr'><strong>loquor.</strong></span> <span class='ocrx_word' id='word_1_17' title='bbox 692 389 831 450; x_wconf 89' lang='lat' dir='ltr'><strong>Non</strong></span> <span class='ocrx_word' id='word_1_18' title='bbox 856 394 1058 450; x_wconf 77' lang='lat' dir='ltr'><strong>tamen</strong></span> <span class='ocrx_word' id='word_1_19' title='bbox 1084 389 1408 449; x_wconf 85' lang='lat' dir='ltr'><strong>admissum</strong></span> <span class='ocrx_word' id='word_1_20' title='bbox 1448 386 1764 466; x_wconf 81' lang='lat' dir='ltr'><strong>quicquam</strong></span> <span class='ocrx_word' id='word_1_21' title='bbox 1792 387 1864 446; x_wconf 82' lang='lat' dir='ltr'><strong>ab</strong></span> <span class='ocrx_word' id='word_1_22' title='bbox 1887 386 1966 446; x_wconf 81' lang='lat' dir='ltr'><strong>iis</strong></span> <span class='ocrx_word' id='word_1_23' title='bbox 1993 386 2220 446; x_wconf 84' lang='lat' dir='ltr'><strong>crimi-</strong></span> 
     </span>
     <span class='ocr_line' id='line_1_4' title="bbox 232 463 2219 556; baseline -0.004 -25"><span class='ocrx_word' id='word_1_24' title='bbox 232 475 439 531; x_wconf 85' lang='lat' dir='ltr'><strong>natum</strong></span> <span class='ocrx_word' id='word_1_25' title='bbox 491 467 681 536; x_wconf 88' lang='lat' dir='ltr'><strong>venio,</strong></span> <span class='ocrx_word' id='word_1_26' title='bbox 732 469 837 530; x_wconf 86' lang='lat' dir='ltr'><strong>sed</strong></span> <span class='ocrx_word' id='word_1_27' title='bbox 896 473 1153 536; x_wconf 76' lang='lat' dir='ltr'><strong>cautum,</strong></span> <span class='ocrx_word' id='word_1_28' title='bbox 1213 487 1291 527; x_wconf 90' lang='lat' dir='ltr'><strong>ne</strong></span> <span class='ocrx_word' id='word_1_29' title='bbox 1340 463 1678 526; x_wconf 86' lang='lat' dir='ltr'><strong>admittant.</strong></span> <span class='ocrx_word' id='word_1_30' title='bbox 1777 464 1988 524; x_wconf 84' lang='lat' dir='ltr'><strong>Nimio</strong></span> <span class='ocrx_word' id='word_1_31' title='bbox 2031 465 2219 556; x_wconf 71' lang='lat' dir='ltr'><strong>plus,</strong></span> 
     </span>
     <span class='ocr_line' id='line_1_5' title="bbox 236 541 2220 626; baseline -0.002 -20"><span class='ocrx_word' id='word_1_32' title='bbox 236 548 414 626; x_wconf 64' lang='lat' dir='ltr'><strong>quam</strong></span> <span class='ocrx_word' id='word_1_33' title='bbox 460 549 659 617; x_wconf 85' lang='lat' dir='ltr'><strong>velim,</strong></span> <span class='ocrx_word' id='word_1_34' title='bbox 698 555 1025 606; x_wconf 82' lang='lat' dir='ltr'><strong>nostrorum</strong></span> <span class='ocrx_word' id='word_1_35' title='bbox 1066 546 1303 625; x_wconf 83' lang='lat' dir='ltr'><strong>ingenia</strong></span> <span class='ocrx_word' id='word_1_36' title='bbox 1345 549 1486 604; x_wconf 84' lang='lat' dir='ltr'><strong>sunt</strong></span> <span class='ocrx_word' id='word_1_37' title='bbox 1527 543 1780 603; x_wconf 84' lang='lat' dir='ltr'><strong>mobilia.</strong></span> <span class='ocrx_word' id='word_1_38' title='bbox 1858 541 2096 602; x_wconf 64' lang='lat' dir='ltr'><strong>Multis</strong></span> <span class='ocrx_word' id='word_1_39' title='bbox 2149 544 2220 603; x_wconf 85' lang='lat' dir='ltr'><strong>id</strong></span> 
     </span>
     <span class='ocr_line' id='line_1_6' title="bbox 238 621 2220 703; baseline -0.002 -19"><span class='ocrx_word' id='word_1_40' title='bbox 238 625 501 686; x_wconf 81' lang='lat' dir='ltr'><strong>cladibus</strong></span> <span class='ocrx_word' id='word_1_41' title='bbox 526 624 839 700; x_wconf 78' lang='lat' dir='ltr'><strong>sensimus·</strong></span> <span class='ocrx_word' id='word_1_42' title='bbox 914 623 1146 703; x_wconf 80' lang='lat' dir='ltr'>Quippe</span> <span class='ocrx_word' id='word_1_43' title='bbox 1171 623 1274 701; x_wconf 87' lang='lat' dir='ltr'><strong>qui</strong></span> <span class='ocrx_word' id='word_1_44' title='bbox 1299 641 1418 682; x_wconf 86' lang='lat' dir='ltr'><strong>non</strong></span> <span class='ocrx_word' id='word_1_45' title='bbox 1445 629 1648 682; x_wconf 85' lang='lat' dir='ltr'><strong>nostro</strong></span> <span class='ocrx_word' id='word_1_46' title='bbox 1673 621 1903 690; x_wconf 87' lang='lat' dir='ltr'><strong>merito,</strong></span> <span class='ocrx_word' id='word_1_47' title='bbox 1915 621 2038 680; x_wconf 76' lang='lat' dir='ltr'><strong>sed</strong></span> <span class='ocrx_word' id='word_1_48' title='bbox 2073 641 2220 682; x_wconf 73' lang='lat' dir='ltr'><strong>ves-</strong></span> 
     </span>
     <span class='ocr_line' id='line_1_7' title="bbox 238 699 2222 784; baseline -0.002 -22"><span class='ocrx_word' id='word_1_49' title='bbox 238 707 336 762; x_wconf 65' lang='lat' dir='ltr'><strong>tra</strong></span> <span class='ocrx_word' id='word_1_50' title='bbox 352 703 663 784; x_wconf 55' lang='lat' dir='ltr'><strong>patientia,</strong></span> <span class='ocrx_word' id='word_1_51' title='bbox 688 702 1013 762; x_wconf 86' lang='lat' dir='ltr'>incolumes</span> <span class='ocrx_word' id='word_1_52' title='bbox 1060 702 1262 761; x_wconf 88' lang='lat' dir='ltr'><strong>simus.</strong></span> <span class='ocrx_word' id='word_1_53' title='bbox 1340 699 1563 777; x_wconf 82' lang='lat' dir='ltr'><strong>Magna</strong></span> <span class='ocrx_word' id='word_1_54' title='bbox 1603 699 1701 759; x_wconf 82' lang='lat' dir='ltr'><strong>hic</strong></span> <span class='ocrx_word' id='word_1_55' title='bbox 1743 719 1904 760; x_wconf 82' lang='lat' dir='ltr'><strong>nunc</strong></span> <span class='ocrx_word' id='word_1_56' title='bbox 1940 699 2222 760; x_wconf 80' lang='lat' dir='ltr'><strong>Volsco-</strong></span> 
     </span>
     <span class='ocr_line' id='line_1_8' title="bbox 238 776 2220 856; baseline -0.001 -17"><span class='ocrx_word' id='word_1_57' title='bbox 238 797 369 840; x_wconf 81' lang='lat' dir='ltr'><strong>rum</strong></span> <span class='ocrx_word' id='word_1_58' title='bbox 392 782 719 841; x_wconf 84' lang='lat' dir='ltr'><strong>multitudo</strong></span> <span class='ocrx_word' id='word_1_59' title='bbox 744 787 873 842; x_wconf 76' lang='lat' dir='ltr'><strong>estz</strong></span> <span class='ocrx_word' id='word_1_60' title='bbox 914 779 1043 840; x_wconf 85' lang='lat' dir='ltr'><strong>ludi</strong></span> <span class='ocrx_word' id='word_1_61' title='bbox 1086 784 1262 838; x_wconf 79' lang='lat' dir='ltr'><strong>sunt:</strong></span> <span class='ocrx_word' id='word_1_62' title='bbox 1321 778 1664 856; x_wconf 85' lang='lat' dir='ltr'><strong>spectaculo</strong></span> <span class='ocrx_word' id='word_1_63' title='bbox 1707 778 1940 839; x_wconf 84' lang='lat' dir='ltr'><strong>intenta</strong></span> <span class='ocrx_word' id='word_1_64' title='bbox 1981 776 2220 838; x_wconf 80' lang='lat' dir='ltr'><strong>civitas</strong></span> 
     </span>
     <span class='ocr_line' id='line_1_9' title="bbox 236 854 2217 938; baseline -0.002 -21"><span class='ocrx_word' id='word_1_65' title='bbox 236 858 371 919; x_wconf 87' lang='lat' dir='ltr'><strong>erit.</strong></span> <span class='ocrx_word' id='word_1_66' title='bbox 447 859 722 929; x_wconf 88' lang='lat' dir='ltr'><strong>Memini,</strong></span> <span class='ocrx_word' id='word_1_67' title='bbox 746 857 889 938; x_wconf 86' lang='lat' dir='ltr'><strong>quid</strong></span> <span class='ocrx_word' id='word_1_68' title='bbox 918 877 1023 938; x_wconf 85' lang='lat' dir='ltr'><strong>per</strong></span> <span class='ocrx_word' id='word_1_69' title='bbox 1048 855 1300 916; x_wconf 80' lang='lat' dir='ltr'><strong>eandem</strong></span> <span class='ocrx_word' id='word_1_70' title='bbox 1325 854 1697 916; x_wconf 80' lang='lat' dir='ltr'><strong>occasionem</strong></span> <span class='ocrx_word' id='word_1_71' title='bbox 1740 860 1812 917; x_wconf 86' lang='lat' dir='ltr'><strong>ab</strong></span> <span class='ocrx_word' id='word_1_72' title='bbox 1839 855 2217 914; x_wconf 80' lang='lat' dir='ltr'><strong>Sabinorum</strong></span> 
     </span>
     <span class='ocr_line' id='line_1_10' title="bbox 135 932 2253 1015; baseline -0.001 -20"><span class='ocrx_word' id='word_1_73' title='bbox 135 1001 143 1011; x_wconf 47' lang='grc'><strong>,</strong></span> <span class='ocrx_word' id='word_1_74' title='bbox 228 937 543 1015; x_wconf 80' lang='lat' dir='ltr'><strong>juventute</strong></span> <span class='ocrx_word' id='word_1_75' title='bbox 569 939 633 1000; x_wconf 88' lang='lat' dir='ltr'><strong>in</strong></span> <span class='ocrx_word' id='word_1_76' title='bbox 674 937 785 998; x_wconf 88' lang='lat' dir='ltr'><strong>hac</strong></span> <span class='ocrx_word' id='word_1_77' title='bbox 821 938 963 997; x_wconf 90' lang='lat' dir='ltr'><strong>urbe</strong></span> <span class='ocrx_word' id='word_1_78' title='bbox 1012 934 1389 994; x_wconf 86' lang='lat' dir='ltr'><strong>commissum</strong></span> <span class='ocrx_word' id='word_1_79' title='bbox 1431 932 1548 994; x_wconf 55' lang='lat' dir='ltr'><strong>sits</strong></span> <span class='ocrx_word' id='word_1_80' title='bbox 1587 933 1787 995; x_wconf 80' lang='lat' dir='ltr'><strong>horret</strong></span> <span class='ocrx_word' id='word_1_81' title='bbox 1820 932 2106 1004; x_wconf 43' lang='lat' dir='ltr'><strong>‘animum</strong></span> <span class='ocrx_word' id='word_1_82' title='bbox 2135 947 2214 994; x_wconf 79' lang='lat' dir='ltr'><strong>ne</strong></span> <span class='ocrx_word' id='word_1_83' title='bbox 2252 942 2253 1014; x_wconf 47' lang='grc' dir='ltr'><em>ξ</em></span> 
     </span>
     <span class='ocr_line' id='line_1_11' title="bbox 238 1012 2253 1094; baseline -0.002 -20"><span class='ocrx_word' id='word_1_84' title='bbox 238 1016 381 1094; x_wconf 87' lang='lat' dir='ltr'><strong>quid</strong></span> <span class='ocrx_word' id='word_1_85' title='bbox 404 1015 740 1076; x_wconf 66' lang='lat' dir='ltr'><strong>inconsulte</strong></span> <span class='ocrx_word' id='word_1_86' title='bbox 764 1035 832 1075; x_wconf 85' lang='lat' dir='ltr'><strong>ac</strong></span> <span class='ocrx_word' id='word_1_87' title='bbox 850 1013 1072 1075; x_wconf 63' lang='lat' dir='ltr'><strong>temere</strong></span> <span class='ocrx_word' id='word_1_88' title='bbox 1099 1013 1222 1072; x_wconf 80' lang='lat' dir='ltr'><strong>fiat.</strong></span> <span class='ocrx_word' id='word_1_89' title='bbox 1303 1012 1694 1080; x_wconf 66' lang='lat' dir='ltr'><strong>Hoecmostrc&#39;i</strong></span> <span class='ocrx_word' id='word_1_90' title='bbox 1715 1017 1916 1073; x_wconf 63' lang='lat' dir='ltr'><strong>vestra</strong></span> <span class='ocrx_word' id='word_1_91' title='bbox 1963 1032 2040 1072; x_wconf 89' lang='lat' dir='ltr'><strong>ue</strong></span> <span class='ocrx_word' id='word_1_92' title='bbox 2068 1029 2219 1071; x_wconf 55' lang='lat' dir='ltr'><strong>caus</strong></span> <span class='ocrx_word' id='word_1_93' title='bbox 2251 1015 2253 1058; x_wconf 48' lang='grc' dir='ltr'><em>ἒ</em></span> 
     </span>
     <span class='ocr_line' id='line_1_12' title="bbox 240 1079 2253 1172; baseline -0 -19"><span class='ocrx_word' id='word_1_94' title='bbox 240 1098 327 1162; x_wconf 63' lang='lat' dir='ltr'><strong>aa,</strong></span> <span class='ocrx_word' id='word_1_95' title='bbox 352 1093 519 1172; x_wconf 75' lang='lat' dir='ltr'><strong>prius</strong></span> <span class='ocrx_word' id='word_1_96' title='bbox 540 1093 796 1152; x_wconf 85' lang='lat' dir='ltr'><strong>dicenda</strong></span> <span class='ocrx_word' id='word_1_97' title='bbox 820 1092 1005 1164; x_wconf 74' lang='lat' dir='ltr'><strong>vobiS,</strong></span> <span class='ocrx_word' id='word_1_98' title='bbox 1032 1091 1329 1162; x_wconf 83' lang='lat' dir='ltr'><strong>consules,</strong></span> <span class='ocrx_word' id='word_1_99' title='bbox 1361 1098 1524 1150; x_wconf 77' lang='lat' dir='ltr'><strong>ratus</strong></span> <span class='ocrx_word' id='word_1_100' title='bbox 1550 1111 1698 1150; x_wconf 79' lang='lat' dir='ltr'><strong>sum.</strong></span> <span class='ocrx_word' id='word_1_101' title='bbox 1776 1091 1866 1164; x_wconf 86' lang='lat' dir='ltr'><strong>Qu</strong></span> <span class='ocrx_word' id='word_1_102' title='bbox 1993 1089 2082 1150; x_wconf 75' lang='lat' dir='ltr'><strong>ad</strong></span> <span class='ocrx_word' id='word_1_103' title='bbox 2115 1111 2215 1152; x_wconf 87' lang='lat' dir='ltr'><strong>me</strong></span> <span class='ocrx_word' id='word_1_104' title='bbox 2251 1079 2253 1112; x_wconf 63' lang='lat'>³</span> 
     </span>
     <span class='ocr_line' id='line_1_13' title="bbox 237 1167 2214 1250; baseline -0.001 -19"><span class='ocrx_word' id='word_1_105' title='bbox 237 1172 475 1240; x_wconf 78' lang='lat' dir='ltr'><strong>attinet,</strong></span> <span class='ocrx_word' id='word_1_106' title='bbox 500 1170 795 1248; x_wconf 83' lang='lat' dir='ltr'><strong>extemplo</strong></span> <span class='ocrx_word' id='word_1_107' title='bbox 818 1167 957 1228; x_wconf 87' lang='lat' dir='ltr'><strong>hinc</strong></span> <span class='ocrx_word' id='word_1_108' title='bbox 1004 1169 1244 1229; x_wconf 88' lang='lat' dir='ltr'><strong>domum</strong></span> <span class='ocrx_word' id='word_1_109' title='bbox 1282 1167 1439 1228; x_wconf 86' lang='lat' dir='ltr'><strong>abire</strong></span> <span class='ocrx_word' id='word_1_110' title='bbox 1467 1167 1530 1228; x_wconf 91' lang='lat' dir='ltr'><strong>in</strong></span> <span class='ocrx_word' id='word_1_111' title='bbox 1555 1169 1753 1228; x_wconf 87' lang='lat' dir='ltr'><strong>animo</strong></span> <span class='ocrx_word' id='word_1_112' title='bbox 1779 1174 1890 1240; x_wconf 86' lang='lat' dir='ltr'><strong>est,</strong></span> <span class='ocrx_word' id='word_1_113' title='bbox 1915 1187 2002 1228; x_wconf 83' lang='lat' dir='ltr'><strong>ne</strong></span> <span class='ocrx_word' id='word_1_114' title='bbox 2025 1173 2214 1250; x_wconf 84' lang='lat' dir='ltr'><strong>cujus</strong></span> 
     </span>
     <span class='ocr_line' id='line_1_14' title="bbox 237 1243 2210 1326; baseline 0 -19"><span class='ocrx_word' id='word_1_115' title='bbox 237 1248 382 1308; x_wconf 86' lang='lat' dir='ltr'><strong>facti</strong></span> <span class='ocrx_word' id='word_1_116' title='bbox 434 1247 653 1308; x_wconf 84' lang='lat' dir='ltr'><strong>dictive</strong></span> <span class='ocrx_word' id='word_1_117' title='bbox 698 1247 1045 1326; x_wconf 78' lang='lat' dir='ltr'><strong>contagione</strong></span> <span class='ocrx_word' id='word_1_118' title='bbox 1098 1264 1364 1325; x_wconf 82' lang='lat' dir='ltr'><strong>proesens</strong></span> <span class='ocrx_word' id='word_1_119' title='bbox 1409 1243 1650 1318; x_wconf 69' lang='lat' dir='ltr'><strong>violer-‚²⁹</strong></span> <span class='ocrx_word' id='word_1_120' title='bbox 1746 1248 1900 1307; x_wconf 77' lang='lat' dir='ltr'><strong>Haec</strong></span> <span class='ocrx_word' id='word_1_121' title='bbox 1953 1247 2210 1308; x_wconf 85' lang='lat' dir='ltr'><strong>locutus</strong></span> 
     </span>
     <span class='ocr_line' id='line_1_15' title="bbox 238 1323 2208 1404; baseline 0.002 -19"><span class='ocrx_word' id='word_1_122' title='bbox 238 1327 397 1386; x_wconf 87' lang='lat' dir='ltr'><strong>abiit.</strong></span> <span class='ocrx_word' id='word_1_123' title='bbox 476 1325 767 1386; x_wconf 74' lang='lat' dir='ltr'><strong>Consules</strong></span> <span class='ocrx_word' id='word_1_124' title='bbox 792 1345 973 1404; x_wconf 87' lang='lat' dir='ltr'><strong>quum</strong></span> <span class='ocrx_word' id='word_1_125' title='bbox 1012 1325 1087 1384; x_wconf 86' lang='lat' dir='ltr'><strong>ad</strong></span> <span class='ocrx_word' id='word_1_126' title='bbox 1116 1323 1324 1383; x_wconf 79' lang='lat' dir='ltr'><strong>Patres</strong></span> <span class='ocrx_word' id='word_1_127' title='bbox 1367 1342 1490 1392; x_wconf 81' lang='lat' dir='ltr'><strong>rem</strong></span> <span class='ocrx_word' id='word_1_128' title='bbox 1531 1324 1764 1387; x_wconf 88' lang='lat' dir='ltr'><strong>dubiam</strong></span> <span class='ocrx_word' id='word_1_129' title='bbox 1811 1326 1918 1386; x_wconf 87' lang='lat' dir='ltr'><strong>sub</strong></span> <span class='ocrx_word' id='word_1_130' title='bbox 1943 1332 2208 1388; x_wconf 83' lang='lat' dir='ltr'><strong>auctore</strong></span> 
     </span>
     <span class='ocr_line' id='line_1_16' title="bbox 238 1399 2208 1484; baseline 0.001 -21"><span class='ocrx_word' id='word_1_131' title='bbox 238 1410 403 1463; x_wconf 85' lang='lat' dir='ltr'><strong>certo</strong></span> <span class='ocrx_word' id='word_1_132' title='bbox 430 1403 801 1473; x_wconf 84' lang='lat' dir='ltr'><strong>detulissent,</strong></span> <span class='ocrx_word' id='word_1_133' title='bbox 826 1411 1029 1462; x_wconf 81' lang='lat' dir='ltr'><strong>auctor</strong></span> <span class='ocrx_word' id='word_1_134' title='bbox 1060 1401 1268 1482; x_wconf 82' lang='lat' dir='ltr'><strong>magis,</strong></span> <span class='ocrx_word' id='word_1_135' title='bbox 1293 1405 1360 1460; x_wconf 86' lang='lat' dir='ltr'><strong>ut</strong></span> <span class='ocrx_word' id='word_1_136' title='bbox 1385 1399 1473 1472; x_wconf 79' lang='lat' dir='ltr'><strong>fit,</strong></span> <span class='ocrx_word' id='word_1_137' title='bbox 1495 1404 1675 1482; x_wconf 55' lang='lat' dir='ltr'><strong>qudm</strong></span> <span class='ocrx_word' id='word_1_138' title='bbox 1703 1423 1818 1473; x_wconf 83' lang='lat' dir='ltr'><strong>res,</strong></span> <span class='ocrx_word' id='word_1_139' title='bbox 1839 1404 1917 1463; x_wconf 84' lang='lat' dir='ltr'><strong>ad</strong></span> <span class='ocrx_word' id='word_1_140' title='bbox 1961 1411 2208 1484; x_wconf 72' lang='lat' dir='ltr'><strong>praec&#39;a-</strong></span> 
     </span>
     <span class='ocr_line' id='line_1_17' title="bbox 236 1478 2209 1564; baseline 0.001 -24"><span class='ocrx_word' id='word_1_141' title='bbox 236 1481 495 1540; x_wconf 80' lang='lat' dir='ltr'><strong>vendum</strong></span> <span class='ocrx_word' id='word_1_142' title='bbox 521 1480 617 1564; x_wconf 69' lang='lat' dir='ltr'><strong>vei</strong></span> <span class='ocrx_word' id='word_1_143' title='bbox 654 1500 729 1539; x_wconf 84' lang='lat' dir='ltr'><strong>ex</strong></span> <span class='ocrx_word' id='word_1_144' title='bbox 768 1493 1130 1562; x_wconf 76' lang='lat' dir='ltr'><strong>supervacuo</strong></span> <span class='ocrx_word' id='word_1_145' title='bbox 1157 1480 1369 1540; x_wconf 74' lang='lat' dir='ltr'><strong>movit:</strong></span> <span class='ocrx_word' id='word_1_146' title='bbox 1407 1478 1684 1562; x_wconf 80' lang='lat' dir='ltr'><strong>factoque</strong></span> <span class='ocrx_word' id='word_1_147' title='bbox 1711 1485 2209 1544; x_wconf 74' lang='lat' dir='ltr'><strong>senatusconsul-</strong></span> 
     </span>
     <span class='ocr_line' id='line_1_18' title="bbox 221 1558 2204 1641; baseline 0.002 -23"><span class='ocrx_word' id='word_1_148' title='bbox 221 1564 318 1630; x_wconf 52' lang='lat' dir='ltr'><strong>«o,</strong></span> <span class='ocrx_word' id='word_1_149' title='bbox 342 1566 409 1619; x_wconf 86' lang='lat' dir='ltr'><strong>ut</strong></span> <span class='ocrx_word' id='word_1_150' title='bbox 438 1559 635 1619; x_wconf 88' lang='lat' dir='ltr'><strong>urbem</strong></span> <span class='ocrx_word' id='word_1_151' title='bbox 662 1561 1022 1619; x_wconf 81' lang='lat' dir='ltr'><strong>excederent</strong></span> <span class='ocrx_word' id='word_1_152' title='bbox 1048 1558 1277 1630; x_wconf 81' lang='lat' dir='ltr'><strong>Volsci,</strong></span> <span class='ocrx_word' id='word_1_153' title='bbox 1321 1579 1628 1638; x_wconf 86' lang='lat' dir='ltr'><strong>praecones</strong></span> <span class='ocrx_word' id='word_1_154' title='bbox 1655 1559 2066 1630; x_wconf 84' lang='lat' dir='ltr'><strong>dimittuntur,</strong></span> <span class='ocrx_word' id='word_1_155' title='bbox 2095 1564 2204 1641; x_wconf 88' lang='lat' dir='ltr'><strong>qui</strong></span> 
     </span>
     <span class='ocr_line' id='line_1_19' title="bbox 236 1637 2208 1729; baseline 0.003 -33"><span class='ocrx_word' id='word_1_156' title='bbox 236 1657 441 1698; x_wconf 88' lang='lat' dir='ltr'><strong>omnes</strong></span> <span class='ocrx_word' id='word_1_157' title='bbox 466 1657 568 1698; x_wconf 89' lang='lat' dir='ltr'><strong>eos</strong></span> <span class='ocrx_word' id='word_1_158' title='bbox 608 1637 901 1716; x_wconf 84' lang='lat' dir='ltr'><strong>proficisci</strong></span> <span class='ocrx_word' id='word_1_159' title='bbox 930 1643 1067 1696; x_wconf 86' lang='lat' dir='ltr'><strong>ante</strong></span> <span class='ocrx_word' id='word_1_160' title='bbox 1103 1642 1338 1698; x_wconf 84' lang='lat' dir='ltr'><strong>noctem</strong></span> <span class='ocrx_word' id='word_1_161' title='bbox 1371 1640 1665 1716; x_wconf 82' lang='lat' dir='ltr'><strong>juberent.</strong></span> <span class='ocrx_word' id='word_1_162' title='bbox 1744 1640 1966 1729; x_wconf 76' lang='lat' dir='ltr'><strong>Ingens</strong></span> <span class='ocrx_word' id='word_1_163' title='bbox 2011 1659 2208 1707; x_wconf 66' lang='lat' dir='ltr'><strong>vavor</strong></span> 
     </span>
    </p>

    <p class='ocr_par' dir='ltr' id='par_1_3' title="bbox 280 1709 2255 1797">
     <span class='ocr_line' id='line_1_20' title="bbox 280 1714 2208 1797; baseline 0.003 -23"><span class='ocrx_word' id='word_1_164' title='bbox 280 1715 429 1775; x_wconf 86' lang='lat' dir='ltr'><strong>rimo</strong></span> <span class='ocrx_word' id='word_1_165' title='bbox 453 1717 855 1776; x_wconf 82' lang='lat' dir='ltr'><strong>discurrentes</strong></span> <span class='ocrx_word' id='word_1_166' title='bbox 882 1715 957 1775; x_wconf 86' lang='lat' dir='ltr'><strong>ad</strong></span> <span class='ocrx_word' id='word_1_167' title='bbox 984 1735 1121 1781; x_wconf 75' lang='lat' dir='ltr'><strong>suas</strong></span> <span class='ocrx_word' id='word_1_168' title='bbox 1149 1733 1244 1773; x_wconf 83' lang='lat' dir='ltr'><strong>res</strong></span> <span class='ocrx_word' id='word_1_169' title='bbox 1271 1714 1568 1776; x_wconf 82' lang='lat' dir='ltr'><strong>tollendas</strong></span> <span class='ocrx_word' id='word_1_170' title='bbox 1591 1717 1655 1776; x_wconf 87' lang='lat' dir='ltr'><strong>in</strong></span> <span class='ocrx_word' id='word_1_171' title='bbox 1681 1716 1938 1797; x_wconf 78' lang='lat' dir='ltr'><strong>hospitia</strong></span> <span class='ocrx_word' id='word_1_172' title='bbox 2067 1739 2208 1780; x_wconf 84' lang='lat' dir='ltr'><strong>reu·</strong></span> 
     </span>
    </p>

    <p class='ocr_par' dir='ltr' id='par_1_4' title="bbox 238 1737 2210 2029">
     <span class='ocr_line' id='line_1_21' title="bbox 264 1737 2210 1866; baseline 0.002 -14"><span class='ocrx_word' id='word_1_173' title='bbox 264 1792 329 1852; x_wconf 89' lang='lat' dir='ltr'><strong>it.</strong></span> <span class='ocrx_word' id='word_1_174' title='bbox 422 1795 937 1854; x_wconf 85' lang='lat' dir='ltr'><strong>Proficiscentibus</strong></span> <span class='ocrx_word' id='word_1_175' title='bbox 996 1791 1380 1854; x_wconf 82' lang='lat' dir='ltr'><strong>deinde-indi</strong></span> <span class='ocrx_word' id='word_1_176' title='bbox 1423 1793 1582 1854; x_wconf 84' lang='lat' dir='ltr'><strong>natio</strong></span> <span class='ocrx_word' id='word_1_177' title='bbox 1623 1794 1866 1856; x_wconf 78' lang='lat' dir='ltr'><strong>oborta:</strong></span> <span class='ocrx_word' id='word_1_178' title='bbox 1921 1737 2096 1866; x_wconf 50' lang='lat' dir='ltr'><strong>“gi,</strong></span> <span class='ocrx_word' id='word_1_179' title='bbox 2142 1805 2210 1856; x_wconf 87' lang='lat' dir='ltr'><strong>ut</strong></span> 
     </span>
     <span class='ocr_line' id='line_1_22' title="bbox 238 1815 2207 1949; baseline 0.004 -20"><span class='ocrx_word' id='word_1_180' title='bbox 238 1872 673 1931; x_wconf 83' lang='lat' dir='ltr'><strong>consceleratos</strong></span> <span class='ocrx_word' id='word_1_181' title='bbox 699 1872 1263 1949; x_wconf 80' lang='lat' dir='ltr'><strong>contaminatosque,</strong></span> <span class='ocrx_word' id='word_1_182' title='bbox 1284 1871 1360 1928; x_wconf 69' lang='lat' dir='ltr'><strong>‘ab</strong></span> <span class='ocrx_word' id='word_1_183' title='bbox 1379 1815 1554 1942; x_wconf 55' lang='lat' dir='ltr'><strong>fudis,</strong></span> <span class='ocrx_word' id='word_1_184' title='bbox 1577 1871 1747 1932; x_wconf 85' lang='lat' dir='ltr'><strong>festis</strong></span> <span class='ocrx_word' id='word_1_185' title='bbox 1773 1872 2006 1945; x_wconf 66' lang='lat' dir='ltr'><strong>diebw,</strong></span> <span class='ocrx_word' id='word_1_186' title='bbox 2027 1882 2207 1936; x_wconf 84' lang='lat' dir='ltr'><strong>coetu</strong></span> 
     </span>
     <span class='ocr_line' id='line_1_23' title="bbox 238 1947 1956 2029; baseline 0.002 -23"><span class='ocrx_word' id='word_1_187' title='bbox 238 1947 671 2029; x_wconf 81' lang='lat' dir='ltr'><strong>quodammodo</strong></span> <span class='ocrx_word' id='word_1_188' title='bbox 692 1948 986 2010; x_wconf 80' lang='lat' dir='ltr'><strong>hominum</strong></span> <span class='ocrx_word' id='word_1_189' title='bbox 1011 1950 1410 2025; x_wconf 85' lang='lat' dir='ltr'><strong>Deorumque‚</strong></span> <span class='ocrx_word' id='word_1_190' title='bbox 1437 1949 1673 2011; x_wconf 84' lang='lat' dir='ltr'><strong>abactos</strong></span> <span class='ocrx_word' id='word_1_191' title='bbox 1693 1958 1880 2013; x_wconf 85' lang='lat' dir='ltr'><strong>esse.”</strong></span> <span class='ocrx_word' id='word_1_192' title='bbox 1948 1953 1956 1962; x_wconf 85' lang='lat'>&#39;</span> 
     </span>
    </p>

    <p class='ocr_par' dir='ltr' id='par_1_5' title="bbox 255 2025 2208 2109">
     <span class='ocr_line' id='line_1_24' title="bbox 255 2025 2208 2109; baseline 0.004 -24"><span class='ocrx_word' id='word_1_193' title='bbox 255 2028 257 2030; x_wconf 74' lang='grc'><strong><em>’</em></strong></span> <span class='ocrx_word' id='word_1_194' title='bbox 318 2025 663 2089; x_wconf 86' lang='lat' dir='ltr'>XXXVIII.</span> <span class='ocrx_word' id='word_1_195' title='bbox 704 2028 896 2100; x_wconf 78' lang='lat' dir='ltr'><strong>Quum</strong></span> <span class='ocrx_word' id='word_1_196' title='bbox 916 2046 1121 2107; x_wconf 78' lang='lat' dir='ltr'><strong>.prope</strong></span> <span class='ocrx_word' id='word_1_197' title='bbox 1167 2026 1510 2088; x_wconf 83' lang='lat' dir='ltr'><strong>continuato</strong></span> <span class='ocrx_word' id='word_1_198' title='bbox 1548 2029 1780 2109; x_wconf 84' lang='lat' dir='ltr'><strong>agmine</strong></span> <span class='ocrx_word' id='word_1_199' title='bbox 1821 2029 2002 2099; x_wconf 85' lang='lat' dir='ltr'><strong>irent,</strong></span> <span class='ocrx_word' id='word_1_200' title='bbox 2040 2050 2208 2109; x_wconf 81' lang='lat' dir='ltr'><strong>prae-</strong></span> 
     </span>
    </p>
   </div>
   <div class='ocr_carea' id='block_1_3' title="bbox 120 2100 2209 2197">
    <p class='ocr_par' dir='ltr' id='par_1_6' title="bbox 120 2100 2209 2197">
     <span class='ocr_line' id='line_1_25' title="bbox 120 2100 2209 2197; baseline 0.001 -28"><span class='ocrx_word' id='word_1_201' title='bbox 120 2164 125 2169; x_wconf 87' lang='lat'><em>.</em></span> <span class='ocrx_word' id='word_1_202' title='bbox 194 2100 197 2102; x_wconf 30' lang='lat'>*</span> <span class='ocrx_word' id='word_1_203' title='bbox 237 2125 477 2197; x_wconf 76' lang='lat' dir='ltr'><strong>gressus</strong></span> <span class='ocrx_word' id='word_1_204' title='bbox 506 2105 721 2190; x_wconf 70' lang='lat' dir='ltr'><strong>&#39;I‘ullus</strong></span> <span class='ocrx_word' id='word_1_205' title='bbox 749 2104 824 2165; x_wconf 88' lang='lat' dir='ltr'><strong>ad</strong></span> <span class='ocrx_word' id='word_1_206' title='bbox 869 2112 1047 2197; x_wconf 70' lang='lat' dir='ltr'><strong>caput</strong></span> <span class='ocrx_word' id='word_1_207' title='bbox 1088 2105 1492 2175; x_wconf 85' lang='lat' dir='ltr'><strong>Ferentinum,</strong></span> <span class='ocrx_word' id='word_1_208' title='bbox 1534 2116 1604 2167; x_wconf 88' lang='lat' dir='ltr'><strong>ut</strong></span> <span class='ocrx_word' id='word_1_209' title='bbox 1643 2107 1893 2186; x_wconf 84' lang='lat' dir='ltr'><strong>quisque</strong></span> <span class='ocrx_word' id='word_1_210' title='bbox 1935 2110 2209 2182; x_wconf 83' lang='lat' dir='ltr'><strong>veniret,</strong></span> 
     </span>
    </p>
   </div>
   <div class='ocr_carea' id='block_1_4' title="bbox 156 2183 2258 3669">
    <p class='ocr_par' dir='ltr' id='par_1_7' title="bbox 156 2183 2258 3669">
     <span class='ocr_line' id='line_1_26' title="bbox 240 2183 2208 2276; baseline 0.002 -33"><span class='ocrx_word' id='word_1_211' title='bbox 240 2204 527 2276; x_wconf 72' lang='lat' dir='ltr'><strong>primores</strong></span> <span class='ocrx_word' id='word_1_212' title='bbox 555 2205 751 2246; x_wconf 85' lang='lat' dir='ltr'><strong>eorum</strong></span> <span class='ocrx_word' id='word_1_213' title='bbox 780 2183 1101 2264; x_wconf 47' lang='lat' dir='ltr'><strong>excipiens</strong></span> <span class='ocrx_word' id='word_1_214' title='bbox 1124 2184 1450 2261; x_wconf 85' lang='lat' dir='ltr'><strong>quaerendo</strong></span> <span class='ocrx_word' id='word_1_215' title='bbox 1477 2184 1971 2265; x_wconf 83' lang='lat' dir='ltr'><strong>indignandoque,</strong></span> <span class='ocrx_word' id='word_1_216' title='bbox 2000 2194 2070 2246; x_wconf 90' lang='lat' dir='ltr'><strong>et</strong></span> <span class='ocrx_word' id='word_1_217' title='bbox 2099 2210 2208 2249; x_wconf 81' lang='lat' dir='ltr'><strong>eos</strong></span> 
     </span>
     <span class='ocr_line' id='line_1_27' title="bbox 218 2262 2258 2353; baseline 0.002 -30"><span class='ocrx_word' id='word_1_218' title='bbox 218 2284 396 2353; x_wconf 69' lang='lat' dir='ltr'><strong>,ipsos</strong></span> <span class='ocrx_word' id='word_1_219' title='bbox 423 2266 525 2324; x_wconf 89' lang='lat' dir='ltr'><strong>sed</strong></span> <span class='ocrx_word' id='word_1_220' title='bbox 535 2265 635 2323; x_wconf 62' lang='lat' dir='ltr'><strong>ul&amp;</strong></span> <span class='ocrx_word' id='word_1_221' title='bbox 660 2262 970 2323; x_wconf 84' lang='lat' dir='ltr'><strong>audientes</strong></span> <span class='ocrx_word' id='word_1_222' title='bbox 996 2263 1260 2323; x_wconf 84' lang='lat' dir='ltr'><strong>secunda</strong></span> <span class='ocrx_word' id='word_1_223' title='bbox 1285 2262 1391 2322; x_wconf 86' lang='lat' dir='ltr'><strong>irae</strong></span> <span class='ocrx_word' id='word_1_224' title='bbox 1423 2263 1617 2333; x_wconf 85' lang='lat' dir='ltr'><strong>verba,</strong></span> <span class='ocrx_word' id='word_1_225' title='bbox 1641 2271 1704 2323; x_wconf 89' lang='lat' dir='ltr'><strong>et</strong></span> <span class='ocrx_word' id='word_1_226' title='bbox 1727 2284 1836 2342; x_wconf 85' lang='lat' dir='ltr'><strong>per</strong></span> <span class='ocrx_word' id='word_1_227' title='bbox 1861 2284 1964 2323; x_wconf 87' lang='lat' dir='ltr'><strong>eos</strong></span> <span class='ocrx_word' id='word_1_228' title='bbox 1992 2268 2208 2328; x_wconf 83' lang='lat' dir='ltr'><strong>multi·</strong></span> <span class='ocrx_word' id='word_1_229' title='bbox 2255 2272 2258 2277; x_wconf 81' lang='grc'><em>“</em></span> 
     </span>
     <span class='ocr_line' id='line_1_28' title="bbox 237 2340 2206 2421; baseline 0.003 -20"><span class='ocrx_word' id='word_1_230' title='bbox 237 2342 549 2403; x_wconf 79' lang='lat' dir='ltr'><strong>tltudinem</strong></span> <span class='ocrx_word' id='word_1_231' title='bbox 580 2342 754 2400; x_wconf 86' lang='lat' dir='ltr'><strong>aliam</strong></span> <span class='ocrx_word' id='word_1_232' title='bbox 780 2341 845 2401; x_wconf 89' lang='lat' dir='ltr'><strong>in</strong></span> <span class='ocrx_word' id='word_1_233' title='bbox 872 2343 1200 2421; x_wconf 83' lang='lat' dir='ltr'><strong>subjectum</strong></span> <span class='ocrx_word' id='word_1_234' title='bbox 1227 2340 1342 2401; x_wconf 83' lang='lat' dir='ltr'><strong>viae</strong></span> <span class='ocrx_word' id='word_1_235' title='bbox 1370 2360 1639 2421; x_wconf 83' lang='lat' dir='ltr'><strong>campum</strong></span> <span class='ocrx_word' id='word_1_236' title='bbox 1667 2341 1934 2403; x_wconf 78' lang='lat' dir='ltr'><strong>deduxit.</strong></span> <span class='ocrx_word' id='word_1_237' title='bbox 2016 2344 2120 2403; x_wconf 89' lang='lat' dir='ltr'><strong>Ibi</strong></span> <span class='ocrx_word' id='word_1_238' title='bbox 2139 2347 2206 2407; x_wconf 81' lang='lat' dir='ltr'><strong>in</strong></span> 
     </span>
     <span class='ocr_line' id='line_1_29' title="bbox 240 2418 2208 2500; baseline 0.003 -21"><span class='ocrx_word' id='word_1_239' title='bbox 240 2418 539 2479; x_wconf 79' lang='lat' dir='ltr'><strong>concionis</strong></span> <span class='ocrx_word' id='word_1_240' title='bbox 566 2418 801 2477; x_wconf 84' lang='lat' dir='ltr'><strong>modum</strong></span> <span class='ocrx_word' id='word_1_241' title='bbox 830 2420 1152 2478; x_wconf 83' lang='lat' dir='ltr'><strong>orationem</strong></span> <span class='ocrx_word' id='word_1_242' title='bbox 1181 2438 1442 2487; x_wconf 84' lang='lat' dir='ltr'><strong>exorsus,</strong></span> <span class='ocrx_word' id='word_1_243' title='bbox 1479 2426 1517 2489; x_wconf 55' lang='grc' dir='ltr'><strong>ἦ*</strong></span> <span class='ocrx_word' id='word_1_244' title='bbox 1537 2420 1785 2480; x_wconf 85' lang='lat' dir='ltr'><strong>Veteres</strong></span> <span class='ocrx_word' id='word_1_245' title='bbox 1825 2421 2032 2500; x_wconf 84' lang='lat' dir='ltr'><strong>populi</strong></span> <span class='ocrx_word' id='word_1_246' title='bbox 2077 2424 2208 2485; x_wconf 83' lang='lat' dir='ltr'><strong>Ro-</strong></span> 
     </span>
     <span class='ocr_line' id='line_1_30' title="bbox 239 2493 2206 2574; baseline 0.004 -19"><span class='ocrx_word' id='word_1_247' title='bbox 239 2496 399 2555; x_wconf 84' lang='lat' dir='ltr'><strong>mani</strong></span> <span class='ocrx_word' id='word_1_248' title='bbox 424 2494 686 2572; x_wconf 86' lang='lat' dir='ltr'><strong>injurias,</strong></span> <span class='ocrx_word' id='word_1_249' title='bbox 712 2493 1029 2571; x_wconf 83' lang='lat' dir='ltr'><strong>cladesque</strong></span> <span class='ocrx_word' id='word_1_250' title='bbox 1077 2496 1270 2574; x_wconf 72' lang='lat' dir='ltr'><strong>&lt;gentis</strong></span> <span class='ocrx_word' id='word_1_251' title='bbox 1312 2497 1680 2568; x_wconf 83' lang='lat' dir='ltr'><strong>Volscorum,</strong></span> <span class='ocrx_word' id='word_1_252' title='bbox 1718 2504 1786 2558; x_wconf 82' lang='lat' dir='ltr'><strong>ut</strong></span> <span class='ocrx_word' id='word_1_253' title='bbox 1809 2498 2065 2569; x_wconf 84' lang='lat' dir='ltr'><strong>omnia,”</strong></span> <span class='ocrx_word' id='word_1_254' title='bbox 2113 2502 2206 2563; x_wconf 84' lang='lat' dir='ltr'><strong>in-</strong></span> 
     </span>
     <span class='ocr_line' id='line_1_31' title="bbox 238 2570 2203 2653; baseline 0.004 -20"><span class='ocrx_word' id='word_1_255' title='bbox 238 2571 390 2653; x_wconf 73' lang='lat' dir='ltr'><strong>quit,</strong></span> <span class='ocrx_word' id='word_1_256' title='bbox 450 2580 489 2611; x_wconf 82' lang='lat'><strong>‘⁶</strong></span> <span class='ocrx_word' id='word_1_257' title='bbox 510 2570 957 2641; x_wconf 81' lang='lat' dir='ltr'><strong>obliviscamini,</strong></span> <span class='ocrx_word' id='word_1_258' title='bbox 1004 2571 1141 2643; x_wconf 85' lang='lat' dir='ltr'><strong>alia,</strong></span> <span class='ocrx_word' id='word_1_259' title='bbox 1182 2572 1524 2633; x_wconf 84' lang='lat' dir='ltr'><strong>hodiernam</strong></span> <span class='ocrx_word' id='word_1_260' title='bbox 1565 2574 1716 2635; x_wconf 83' lang='lat' dir='ltr'><strong>hanc</strong></span> <span class='ocrx_word' id='word_1_261' title='bbox 1766 2578 2203 2641; x_wconf 86' lang='lat' dir='ltr'><strong>contumeliam</strong></span> 
     </span>
     <span class='ocr_line' id='line_1_32' title="bbox 156 2648 2202 2733; baseline 0.003 -23"><span class='ocrx_word' id='word_1_262' title='bbox 156 2688 167 2695; x_wconf 91' lang='lat'><em>-</em></span> <span class='ocrx_word' id='word_1_263' title='bbox 281 2671 357 2711; x_wconf 90' lang='lat' dir='ltr'><strong>uo</strong></span> <span class='ocrx_word' id='word_1_264' title='bbox 382 2650 622 2711; x_wconf 89' lang='lat' dir='ltr'><strong>tandem</strong></span> <span class='ocrx_word' id='word_1_265' title='bbox 649 2648 845 2710; x_wconf 82' lang='lat' dir='ltr'><strong>animo</strong></span> <span class='ocrx_word' id='word_1_266' title='bbox 880 2649 1067 2721; x_wconf 82' lang='lat' dir='ltr'><strong>fertiS,</strong></span> <span class='ocrx_word' id='word_1_267' title='bbox 1092 2656 1212 2729; x_wconf 69' lang='lat' dir='ltr'><strong>qua</strong></span> <span class='ocrx_word' id='word_1_268' title='bbox 1248 2670 1356 2729; x_wconf 84' lang='lat' dir='ltr'><strong>per</strong></span> <span class='ocrx_word' id='word_1_269' title='bbox 1395 2659 1654 2713; x_wconf 83' lang='lat' dir='ltr'><strong>nostram</strong></span> <span class='ocrx_word' id='word_1_270' title='bbox 1692 2654 2076 2733; x_wconf 83' lang='lat' dir='ltr'><strong>ignominiam</strong></span> <span class='ocrx_word' id='word_1_271' title='bbox 2109 2659 2202 2718; x_wconf 87' lang='lat' dir='ltr'><strong>lu-</strong></span> 
     </span>
     <span class='ocr_line' id='line_1_33' title="bbox 238 2672 2201 2810; baseline 0.004 -21"><span class='ocrx_word' id='word_1_272' title='bbox 238 2672 345 2789; x_wconf 60' lang='lat' dir='ltr'><strong>:ios</strong></span> <span class='ocrx_word' id='word_1_273' title='bbox 374 2728 764 2790; x_wconf 82' lang='lat' dir='ltr'><strong>commisere?</strong></span> <span class='ocrx_word' id='word_1_274' title='bbox 803 2730 901 2789; x_wconf 83' lang='lat' dir='ltr'><strong>An</strong></span> <span class='ocrx_word' id='word_1_275' title='bbox 933 2749 1050 2789; x_wconf 88' lang='lat' dir='ltr'><strong>non</strong></span> <span class='ocrx_word' id='word_1_276' title='bbox 1098 2729 1388 2800; x_wconf 76' lang='lat' dir='ltr'><strong>sensistiS,</strong></span> <span class='ocrx_word' id='word_1_277' title='bbox 1429 2731 1854 2810; x_wconf 78' lang='lat' dir='ltr'><strong>triumphatum</strong></span> <span class='ocrx_word' id='word_1_278' title='bbox 1903 2733 2086 2794; x_wconf 87' lang='lat' dir='ltr'><strong>hodie</strong></span> <span class='ocrx_word' id='word_1_279' title='bbox 2117 2738 2201 2797; x_wconf 88' lang='lat' dir='ltr'><strong>de</strong></span> 
     </span>
     <span class='ocr_line' id='line_1_34' title="bbox 239 2808 2201 2889; baseline 0.002 -18"><span class='ocrx_word' id='word_1_280' title='bbox 239 2808 400 2871; x_wconf 78' lang='lat' dir='ltr'><strong>vobis</strong></span> <span class='ocrx_word' id='word_1_281' title='bbox 428 2810 602 2871; x_wconf 83' lang='lat' dir='ltr'><strong>esse?</strong></span> <span class='ocrx_word' id='word_1_282' title='bbox 643 2810 765 2867; x_wconf 87' lang='lat' dir='ltr'><strong>Vos</strong></span> <span class='ocrx_word' id='word_1_283' title='bbox 792 2809 1077 2878; x_wconf 75' lang='lat' dir='ltr'><strong>omnibuS,</strong></span> <span class='ocrx_word' id='word_1_284' title='bbox 1126 2809 1369 2879; x_wconf 85' lang='lat' dir='ltr'><strong>civibus,</strong></span> <span class='ocrx_word' id='word_1_285' title='bbox 1415 2810 1756 2889; x_wconf 79' lang='lat' dir='ltr'><strong>peregriniS,</strong></span> <span class='ocrx_word' id='word_1_286' title='bbox 1782 2816 1871 2870; x_wconf 89' lang='lat' dir='ltr'><strong>tot</strong></span> <span class='ocrx_word' id='word_1_287' title='bbox 1915 2812 2201 2875; x_wconf 84' lang='lat' dir='ltr'><strong>finitimis</strong></span> 
     </span>
     <span class='ocr_line' id='line_1_35' title="bbox 236 2886 2203 2970; baseline 0.003 -22"><span class='ocrx_word' id='word_1_288' title='bbox 236 2887 485 2970; x_wconf 82' lang='lat' dir='ltr'><strong>populis,</strong></span> <span class='ocrx_word' id='word_1_289' title='bbox 512 2886 855 2969; x_wconf 83' lang='lat' dir='ltr'><strong>spectaculo</strong></span> <span class='ocrx_word' id='word_1_290' title='bbox 882 2888 1164 2947; x_wconf 70' lang='lat' dir='ltr'><strong>abeuntes</strong></span> <span class='ocrx_word' id='word_1_291' title='bbox 1191 2887 1417 2947; x_wconf 81' lang='lat' dir='ltr'><strong>fuisse?</strong></span> <span class='ocrx_word' id='word_1_292' title='bbox 1451 2888 1701 2968; x_wconf 79' lang='lat' dir='ltr'><strong>yestras</strong></span> <span class='ocrx_word' id='word_1_293' title='bbox 1727 2892 2034 2970; x_wconf 80' lang='lat' dir='ltr'><strong>conjuges,</strong></span> <span class='ocrx_word' id='word_1_294' title='bbox 2059 2912 2203 2953; x_wconf 82' lang='lat' dir='ltr'><strong>ves-</strong></span> 
     </span>
     <span class='ocr_line' id='line_1_36' title="bbox 234 2964 2204 3056; baseline 0.002 -30"><span class='ocrx_word' id='word_1_295' title='bbox 234 2974 359 3027; x_wconf 82' lang='lat' dir='ltr'><strong>tros</strong></span> <span class='ocrx_word' id='word_1_296' title='bbox 393 2966 607 3025; x_wconf 82' lang='lat' dir='ltr'><strong>liberos</strong></span> <span class='ocrx_word' id='word_1_297' title='bbox 633 2964 939 3025; x_wconf 83' lang='lat' dir='ltr'><strong>traductos</strong></span> <span class='ocrx_word' id='word_1_298' title='bbox 963 2984 1073 3056; x_wconf 72' lang='lat' dir='ltr'><strong>per</strong></span> <span class='ocrx_word' id='word_1_299' title='bbox 1099 2985 1200 3025; x_wconf 85' lang='lat' dir='ltr'><strong>ora</strong></span> <span class='ocrx_word' id='word_1_300' title='bbox 1237 2966 1582 3024; x_wconf 82' lang='lat' dir='ltr'><strong>hominum?</strong></span> <span class='ocrx_word' id='word_1_301' title='bbox 1625 2966 1778 3039; x_wconf 88' lang='lat' dir='ltr'><strong>Quid</strong></span> <span class='ocrx_word' id='word_1_302' title='bbox 1809 2988 1928 3037; x_wconf 86' lang='lat' dir='ltr'><strong>eos,</strong></span> <span class='ocrx_word' id='word_1_303' title='bbox 1955 2969 2061 3046; x_wconf 81' lang='lat' dir='ltr'><strong>qui</strong></span> <span class='ocrx_word' id='word_1_304' title='bbox 2094 2990 2204 3030; x_wconf 83' lang='lat' dir='ltr'><strong>au-</strong></span> 
     </span>
     <span class='ocr_line' id='line_1_37' title="bbox 236 3042 2200 3122; baseline 0.002 -17"><span class='ocrx_word' id='word_1_305' title='bbox 236 3046 440 3105; x_wconf 67' lang='lat' dir='ltr'><strong>«livere</strong></span> <span class='ocrx_word' id='word_1_306' title='bbox 486 3062 691 3103; x_wconf 77' lang='lat' dir='ltr'><strong>vocem</strong></span> <span class='ocrx_word' id='word_1_307' title='bbox 734 3042 1069 3122; x_wconf 80' lang='lat' dir='ltr'><strong>praecoms?</strong></span> <span class='ocrx_word' id='word_1_308' title='bbox 1108 3043 1271 3121; x_wconf 84' lang='lat' dir='ltr'><strong>quid,</strong></span> <span class='ocrx_word' id='word_1_309' title='bbox 1323 3043 1426 3120; x_wconf 85' lang='lat' dir='ltr'><strong>qui</strong></span> <span class='ocrx_word' id='word_1_310' title='bbox 1469 3061 1575 3102; x_wconf 84' lang='lat' dir='ltr'><strong>vos</strong></span> <span class='ocrx_word' id='word_1_311' title='bbox 1617 3044 1816 3104; x_wconf 80' lang='lat' dir='ltr'><strong>videre</strong></span> <span class='ocrx_word' id='word_1_312' title='bbox 1859 3049 2200 3108; x_wconf 81' lang='lat' dir='ltr'><strong>abeuntes?</strong></span> 
     </span>
     <span class='ocr_line' id='line_1_38' title="bbox 212 3119 2200 3217; baseline 0.002 -36"><span class='ocrx_word' id='word_1_313' title='bbox 212 3122 377 3201; x_wconf 72' lang='lat' dir='ltr'><strong>,quid</strong></span> <span class='ocrx_word' id='word_1_314' title='bbox 406 3142 527 3193; x_wconf 86' lang='lat' dir='ltr'><strong>eos,</strong></span> <span class='ocrx_word' id='word_1_315' title='bbox 593 3122 646 3180; x_wconf 84' lang='lat' dir='ltr'><strong>ui</strong></span> <span class='ocrx_word' id='word_1_316' title='bbox 671 3119 1206 3211; x_wconf 75' lang='lat' dir='ltr'><strong>buicignominioso</strong></span> <span class='ocrx_word' id='word_1_317' title='bbox 1231 3119 1448 3217; x_wconf 61' lang='lat' dir='ltr'><strong>agmini</strong></span> <span class='ocrx_word' id='word_1_318' title='bbox 1473 3119 1638 3181; x_wconf 87' lang='lat' dir='ltr'><strong>fuere</strong></span> <span class='ocrx_word' id='word_1_319' title='bbox 1665 3123 1836 3192; x_wconf 88' lang='lat' dir='ltr'><strong>obvii,</strong></span> <span class='ocrx_word' id='word_1_320' title='bbox 1851 3124 2200 3185; x_wconf 85' lang='lat' dir='ltr'><strong>existimas-</strong></span> 
     </span>
     <span class='ocr_line' id='line_1_39' title="bbox 236 3142 2194 3279; baseline 0.002 -19"><span class='ocrx_word' id='word_1_321' title='bbox 236 3220 300 3261; x_wconf 88' lang='lat' dir='ltr'><strong>se</strong></span> <span class='ocrx_word' id='word_1_322' title='bbox 327 3142 595 3279; x_wconf 49' lang='lat' dir='ltr'><strong>putatisti‘</strong></span> <span class='ocrx_word' id='word_1_323' title='bbox 632 3198 747 3258; x_wconf 87' lang='lat' dir='ltr'><strong>nisi</strong></span> <span class='ocrx_word' id='word_1_324' title='bbox 778 3200 1013 3277; x_wconf 75' lang='lat' dir='ltr'><strong>aliquod</strong></span> <span class='ocrx_word' id='word_1_325' title='bbox 1044 3198 1312 3279; x_wconf 83' lang='lat' dir='ltr'><strong>profecto</strong></span> <span class='ocrx_word' id='word_1_326' title='bbox 1337 3198 1504 3277; x_wconf 70' lang='lat' dir='ltr'><strong>nefas</strong></span> <span class='ocrx_word' id='word_1_327' title='bbox 1529 3212 1683 3270; x_wconf 80' lang='lat' dir='ltr'><strong>esse,</strong></span> <span class='ocrx_word' id='word_1_328' title='bbox 1708 3220 1843 3279; x_wconf 86' lang='lat' dir='ltr'><strong>quo,</strong></span> <span class='ocrx_word' id='word_1_329' title='bbox 1863 3202 1915 3262; x_wconf 85' lang='lat' dir='ltr'><strong>si</strong></span> <span class='ocrx_word' id='word_1_330' title='bbox 1945 3203 2194 3263; x_wconf 85' lang='lat' dir='ltr'><strong>intersi-</strong></span> 
     </span>
     <span class='ocr_line' id='line_1_40' title="bbox 234 3275 2192 3357; baseline 0.001 -18"><span class='ocrx_word' id='word_1_331' title='bbox 234 3296 365 3339; x_wconf 83' lang='lat' dir='ltr'><strong>mus</strong></span> <span class='ocrx_word' id='word_1_332' title='bbox 392 3298 417 3337; x_wconf 88' lang='lat' dir='ltr'><strong>s</strong></span> <span class='ocrx_word' id='word_1_333' title='bbox 498 3278 751 3342; x_wconf 81' lang='lat' dir='ltr'><strong>ctaculo,</strong></span> <span class='ocrx_word' id='word_1_334' title='bbox 770 3276 1043 3336; x_wconf 83' lang='lat' dir='ltr'><strong>violaturi</strong></span> <span class='ocrx_word' id='word_1_335' title='bbox 1070 3276 1254 3337; x_wconf 85' lang='lat' dir='ltr'><strong>simus</strong></span> <span class='ocrx_word' id='word_1_336' title='bbox 1280 3276 1472 3349; x_wconf 80' lang='lat' dir='ltr'><strong>ludos,</strong></span> <span class='ocrx_word' id='word_1_337' title='bbox 1501 3275 1908 3357; x_wconf 76' lang='lat' dir='ltr'><strong>piacuiumque</strong></span> <span class='ocrx_word' id='word_1_338' title='bbox 1940 3284 2192 3341; x_wconf 82' lang='lat' dir='ltr'><strong>meritu-</strong></span> 
     </span>
     <span class='ocr_line' id='line_1_41' title="bbox 232 3354 2190 3440; baseline 0.002 -26"><span class='ocrx_word' id='word_1_339' title='bbox 232 3355 325 3415; x_wconf 79' lang='lat' dir='ltr'><strong>ri:</strong></span> <span class='ocrx_word' id='word_1_340' title='bbox 380 3355 399 3414; x_wconf 91' lang='lat' dir='ltr'><strong>i</strong></span> <span class='ocrx_word' id='word_1_341' title='bbox 444 3376 515 3415; x_wconf 86' lang='lat' dir='ltr'><strong>eo</strong></span> <span class='ocrx_word' id='word_1_342' title='bbox 560 3376 667 3415; x_wconf 90' lang='lat' dir='ltr'><strong>nos</strong></span> <span class='ocrx_word' id='word_1_343' title='bbox 704 3356 777 3413; x_wconf 85' lang='lat' dir='ltr'><strong>ab</strong></span> <span class='ocrx_word' id='word_1_344' title='bbox 818 3355 959 3415; x_wconf 81' lang='lat' dir='ltr'><strong>sede</strong></span> <span class='ocrx_word' id='word_1_345' title='bbox 1002 3354 1251 3435; x_wconf 85' lang='lat' dir='ltr'><strong>piorum,</strong></span> <span class='ocrx_word' id='word_1_346' title='bbox 1297 3362 1478 3425; x_wconf 88' lang='lat' dir='ltr'><strong>coetu,</strong></span> <span class='ocrx_word' id='word_1_347' title='bbox 1515 3356 1882 3436; x_wconf 87' lang='lat' dir='ltr'><strong>concilioque</strong></span> <span class='ocrx_word' id='word_1_348' title='bbox 1925 3360 2190 3440; x_wconf 83' lang='lat' dir='ltr'><strong>abigi.—</strong></span> 
     </span>
     <span class='ocr_line' id='line_1_42' title="bbox 232 3431 2188 3513; baseline 0.002 -18"><span class='ocrx_word' id='word_1_349' title='bbox 232 3434 413 3507; x_wconf 86' lang='lat' dir='ltr'><strong>Quid,</strong></span> <span class='ocrx_word' id='word_1_350' title='bbox 444 3432 708 3495; x_wconf 78' lang='lat' dir='ltr'><strong>deinde?</strong></span> <span class='ocrx_word' id='word_1_351' title='bbox 744 3432 891 3491; x_wconf 73' lang='lat' dir='ltr'><strong>illud</strong></span> <span class='ocrx_word' id='word_1_352' title='bbox 922 3452 1039 3492; x_wconf 90' lang='lat' dir='ltr'><strong>non</strong></span> <span class='ocrx_word' id='word_1_353' title='bbox 1067 3434 1377 3504; x_wconf 86' lang='lat' dir='ltr'><strong>succurrit,</strong></span> <span class='ocrx_word' id='word_1_354' title='bbox 1417 3431 1616 3494; x_wconf 83' lang='lat' dir='ltr'><strong>vivere</strong></span> <span class='ocrx_word' id='word_1_355' title='bbox 1643 3453 1773 3503; x_wconf 78' lang='lat' dir='ltr'><strong>noS,</strong></span> <span class='ocrx_word' id='word_1_356' title='bbox 1797 3436 1958 3513; x_wconf 86' lang='lat' dir='ltr'><strong>quod</strong></span> <span class='ocrx_word' id='word_1_357' title='bbox 1987 3444 2188 3498; x_wconf 85' lang='lat' dir='ltr'><strong>matu-</strong></span> 
     </span>
     <span class='ocr_line' id='line_1_43' title="bbox 228 3510 2186 3592; baseline 0.003 -22"><span class='ocrx_word' id='word_1_358' title='bbox 228 3511 481 3577; x_wconf 70' lang='lat' dir='ltr'><strong>rarimus</strong></span> <span class='ocrx_word' id='word_1_359' title='bbox 508 3510 837 3590; x_wconf 73' lang='lat' dir='ltr'><strong>proficisci?</strong></span> <span class='ocrx_word' id='word_1_360' title='bbox 877 3510 925 3569; x_wconf 85' lang='lat' dir='ltr'><strong>si</strong></span> <span class='ocrx_word' id='word_1_361' title='bbox 967 3510 1077 3571; x_wconf 89' lang='lat' dir='ltr'><strong>hoc</strong></span> <span class='ocrx_word' id='word_1_362' title='bbox 1124 3512 1428 3592; x_wconf 80' lang='lat' dir='ltr'><strong>profecti0,</strong></span> <span class='ocrx_word' id='word_1_363' title='bbox 1467 3516 1530 3571; x_wconf 83' lang='lat' dir='ltr'><strong>et</strong></span> <span class='ocrx_word' id='word_1_364' title='bbox 1577 3530 1692 3570; x_wconf 89' lang='lat' dir='ltr'><strong>non</strong></span> <span class='ocrx_word' id='word_1_365' title='bbox 1741 3512 1879 3592; x_wconf 73' lang='lat' dir='ltr'><strong>fuga</strong></span> <span class='ocrx_word' id='word_1_366' title='bbox 1903 3522 2018 3574; x_wconf 83' lang='lat' dir='ltr'><strong>est.</strong></span> <span class='ocrx_word' id='word_1_367' title='bbox 2101 3518 2186 3577; x_wconf 75' lang='lat' dir='ltr'><strong>Et</strong></span> 
     </span>
     <span class='ocr_line' id='line_1_44' title="bbox 232 3576 2186 3669; baseline 0.005 -24"><span class='ocrx_word' id='word_1_368' title='bbox 232 3589 381 3651; x_wconf 68' lang='lat' dir='ltr'><strong>hanc</strong></span> <span class='ocrx_word' id='word_1_369' title='bbox 410 3591 610 3663; x_wconf 69' lang='lat' dir='ltr'><strong>urbem</strong></span> <span class='ocrx_word' id='word_1_370' title='bbox 636 3608 741 3649; x_wconf 73' lang='lat' dir='ltr'><strong>ros</strong></span> <span class='ocrx_word' id='word_1_371' title='bbox 767 3607 887 3650; x_wconf 89' lang='lat' dir='ltr'><strong>non</strong></span> <span class='ocrx_word' id='word_1_372' title='bbox 912 3587 1166 3659; x_wconf 83' lang='lat' dir='ltr'><strong>hostium</strong></span> <span class='ocrx_word' id='word_1_373' title='bbox 1192 3589 1432 3662; x_wconf 68' lang='lat' dir='ltr'><strong>dncitiS,</strong></span> <span class='ocrx_word' id='word_1_374' title='bbox 1456 3576 1571 3659; x_wconf 70' lang='lat' dir='ltr'><strong>tibi,</strong></span> <span class='ocrx_word' id='word_1_375' title='bbox 1597 3588 1647 3648; x_wconf 89' lang='lat' dir='ltr'><strong>si</strong></span> <span class='ocrx_word' id='word_1_376' title='bbox 1667 3607 1850 3653; x_wconf 84' lang='lat' dir='ltr'><strong>unum</strong></span> <span class='ocrx_word' id='word_1_377' title='bbox 1867 3592 2030 3655; x_wconf 86' lang='lat' dir='ltr'><strong>diem</strong></span> <span class='ocrx_word' id='word_1_378' title='bbox 2059 3614 2186 3669; x_wconf 68' lang='lat' dir='ltr'><strong>mo-</strong></span> 
     </span>
    </p>
   </div>
   <div class='ocr_carea' id='block_1_5' title="bbox 2255 1990 2258 2267">
    <p class='ocr_par' dir='ltr' id='par_1_8' title="bbox 2255 1990 2258 2267">
     <span class='ocr_line' id='line_1_45' title="bbox 2255 1990 2258 2267; baseline 0 0"><span class='ocrx_word' id='word_1_379' title='bbox 2255 1990 2258 2267; x_wconf 95' lang='lat' dir='ltr'><strong> </strong></span> 
     </span>
    </p>
   </div>
  </div>
 </body>
</html>
