2267 4000
264 205 357 263 :ss
1075 196 1156 258 T.
1197 195 1482 276 1.1vn.j

279 360 329 423 a
351 359 582 426 venisse
606 361 841 436 tempus
880 353 1226 436 premendae
1265 351 1454 436 plebis
1475 351 1784 434 putabant,
1810 344 2221 434 recuperandi-

280 459 396 524 que
414 444 568 521 jura,
606 453 744 514 quae
770 441 1001 494 extorta
1037 431 1366 496 secessione
1393 451 1466 492 ac
1491 431 1552 492 vi
1587 431 1858 492 Patribus
1885 439 2122 502 essent3
2161 433 2217 493 in

276 519 483 600 primis
504 513 769 574 Marcius
791 511 1162 582 Coriolanus,
1182 511 1366 572 hostis
1385 509 1714 571 tribuniciae
1740 511 2076 590 potestatis,
2097 517 2138 548 ‘⁶
2159 511 2218 571 Si

278 591 632 663 annonam,”
654 591 870 672 inquit,
914 598 951 628 ‘⁸
974 597 1230 651 veterem
1265 590 1489 660 volunt,
1503 591 1605 670 jus
1629 587 1944 670 pristinum
1973 589 2220 650 reddant

277 673 569 736 Patribus.
648 671 774 730 Cur
952 668 1212 750 plebeios
1239 667 1634 748 magistratus,
1675 685 1782 727 cur
1809 666 2092 728 Sicinium
2119 687 2220 748 po·

276 757 503 812 tentem
532 749 729 820 video:
768 769 832 809 su
914 750 1121 840 jugum
1149 745 1382 815 misane,
1399 753 1680 824 tanquam
1713 747 1748 804 a
1788 745 2110 807 latronibus
2137 767 2224 806 re-

276 829 594 911 demptus?
638 830 683 888 E
724 847 835 888 one
862 827 965 886 has
988 825 1373 904 indignitates
1414 824 1642 885 diutius
1687 825 1878 906 patiar
1916 823 2096 916 quam
2123 845 2220 887 ne·

280 927 447 970 cesse
470 914 563 968 est
582 908 609 966 P
707 904 1037 986 arquinium
1060 923 1258 984 regem
1285 901 1392 982 qui
1415 923 1531 963 non
1559 904 1817 972 tulerim,
1833 902 2118 963 Sicinium
2141 903 2218 966 fe-

275 987 451 1063 ram?
493 985 747 1047 Secedat
772 1003 951 1055 nunc,
976 989 1188 1042 avocet
1225 982 1496 1075 plebem:
1539 987 1702 1062 patet
1741 981 1840 1041 via
1873 981 1934 1041 in
1977 982 2218 1042 Sacrum

250 1065 537 1126 -montem
565 1065 830 1142 aliosque
857 1063 1077 1132 colles;
1116 1065 1351 1138 rapiant
1375 1059 1670 1120 frumenta
1707 1079 1786 1120 ex.
1807 1059 1963 1139 agris
1991 1061 2218 1132 nostris,

319 1141 771 1202 uemadmodum
799 1142 975 1200 tertio
994 1158 1152 1198 anno
1171 1158 1434 1228 rapuere.
1515 1140 1774 1198 Utantur
1789 1142 2020 1198 annona
2046 1157 2217 1230 quam

302 1239 471 1280 urore
511 1238 617 1280 suo
658 1218 872 1278 fecere.
951 1215 1165 1275 Audeo
1205 1215 1422 1285 dicere,
1447 1217 1554 1275 hoc
1597 1216 1752 1275 malo
1782 1216 2038 1277 domitos
2063 1237 2216 1297 ipsos

274 1299 475 1380 potius
502 1296 760 1374 cultores
787 1311 1055 1375 agrorum
1082 1292 1224 1364 fore,
1265 1293 1440 1372 qnam
1469 1299 1538 1352 ut
1577 1294 1788 1353 armati
1813 1313 1920 1372 per
1944 1297 2217 1355 secessio-

272 1397 413 1437 nem
454 1374 570 1436 coli
605 1373 1003 1455 prohibeant.”
1084 1371 1262 1431 Haud
1305 1378 1425 1431 tam
1455 1371 1629 1432 facile
1669 1373 1833 1432 dictu
1862 1379 1976 1443 est,
2003 1373 2216 1433 facien·

274 1453 493 1517 dumne
520 1451 717 1522 fuerit,
741 1452 920 1531 quim
944 1449 1204 1532 potuisse
1231 1451 1478 1510 arbitror
1499 1449 1648 1520 fieri,
1671 1458 1757 1521 ut,
1783 1450 2214 1512 conditionibus

272 1531 513 1594 laxandi
538 1550 851 1601 annonam,
876 1541 935 1590 et
962 1528 1334 1590 tribuniciam
1363 1535 1737 1609 potestatem,
1765 1535 1827 1589 et
1855 1529 2055 1590 omnia
2075 1529 2215 1590 invi·

276 1611 357 1672 tis
383 1611 512 1670 'ura
537 1609 812 1690 imposita
836 1615 1037 1690 patres
1063 1609 1370 1668 demerent
1397 1608 1522 1668 sibi.

298 1757 307 1763 ,
414 1688 603 1748 XXV.
644 1688 727 1748 Et
751 1687 979 1749 senatui
1008 1685 1183 1744 nimis
1210 1691 1375 1745 atrox
1401 1687 1527 1746 visa.
1555 1687 1849 1747 sententia
1875 1691 1986 1756 est,
2013 1691 2077 1746 et
2101 1688 2214 1767 ple·
2249 1709 2251 1712 ⁴

272 1768 407 1828 bem
432 1767 522 1826 ira
545 1786 728 1846 prope
755 1765 1020 1825 armavit.
1096 1773 1136 1802 ⁶⁶
1158 1763 1337 1824 Fame
1365 1783 1429 1824 se
1461 1766 1606 1844 jam,
1625 1763 1783 1824 sicut
1808 1765 2032 1834 hostes,
2063 1767 2213 1846 peti3

273 1844 403 1918 c'Qo
427 1845 709 1922 victuque
746 1841 1048 1913 fraudari3
1090 1841 1458 1922 peregrinum
1487 1842 1869 1923 frumentum,
1915 1863 2054 1934 quae
2097 1845 2214 1903 sola

272 1920 553 1980 alimenta
578 1940 652 1979 ex
696 1921 995 2000 insperato
1035 1920 1272 1979 fortuna
1311 1919 1565 1989 dederit,
1587 1921 1661 1979 ab
1701 1940 1798 1980 ore
1829 1939 1980 2001 rapi,
2007 1921 2122 1982 nisi
2149 1923 2210 1982 C·

270 1995 504 2058 Marcio
529 1997 715 2058 vincti
742 2000 1037 2058 dedantur
1081 1995 1317 2067 tribuni,
1343 1997 1456 2057 nisi
1484 1997 1558 2058 de
1585 2004 1752 2080 tergo
1777 2000 1964 2079 plebis
2002 2000 2212 2061 Roma·-

271 2096 370 2139 nae
398 2075 665 2137 satisfiat.
742 2078 892 2137 Eum
918 2076 1025 2135 sibi
1054 2074 1389 2135 carnificem
1433 2094 1646 2136 novum
1677 2083 1964 2147 exortum,
1987 2080 2096 2157 qui
2119 2086 2214 2139 aut

269 2155 440 2227 mori,
462 2162 565 2216 aut
614 2156 831 2217 servire
868 2154 1127 2234 jubeat.”
1204 2153 1274 2213 In
1315 2162 1630 2215 exeuntem
1678 2155 1712 2214 ὲ
1753 2157 1916 2215 curia
1957 2156 2210 2237 impetus

267 2235 461 2296 sactus
487 2242 665 2306 esset,
704 2235 766 2295 ni
808 2229 1240 2315 peropportune
1284 2231 1502 2291 tribuni
1529 2234 1683 2291 diem
1733 2233 2046 2295 dixissent.
2131 2237 2208 2295 lbi

266 2314 357 2373 ira
382 2320 475 2374 est
521 2333 867 2403 suppressa:
910 2332 973 2372 se
1011 2312 1276 2393 judicem
1315 2310 1585 2390 quisque,
1625 2330 1687 2371 se
1716 2310 2019 2372 dominum
2071 2314 2208 2375 vitae
2245 2362 2247 2371 .

266 2391 551 2465 necisque
572 2392 814 2459 inimici,
840 2391 1060 2460 factum
1086 2390 1339 2449 videbat.
1417 2389 1816 2469 Contemptim
1841 2392 2036 2470 ptimo
2059 2392 2218 2452 Mai·-

268 2466 395 2525 cius
422 2456 695 2525 audiebat
717 2468 905 2525 minas
932 2467 1313 2536 tribunicias;
1352 2468 1572 2534 auxilii,
1599 2486 1712 2527 non
1745 2489 1971 2547 poenae,
1994 2474 2102 2553 jus
2123 2473 2218 2531 da-

264 2550 391 2603 tum
422 2542 510 2602 illi
552 2543 875 2640 potestati3
914 2544 1250 2621 plebisque.
1291 2562 1404 2601 non
1456 2544 1722 2617 Patr-um,
1759 2548 2028 2609 tribunos
2073 2571 2215 2611 esse.

268 2620 385 2681 Sed
434 2620 587 2681 adeo
632 2618 865 2679 infensa
891 2626 1017 2679 erat
1046 2626 1244 2679 coorta
1270 2620 1454 2710 plebs,
1495 2628 1562 2680 ut
1587 2625 1764 2685 unius
1800 2647 1981 2707 poena
2007 2628 2216 2689 defun·

340 2699 521 2759 ndum
560 2706 721 2761 esset
761 2698 1050 2759 Patribus,
1127 2697 1501 2758 Restiterunt
1541 2709 1736 2762 tamen
1788 2706 2042 2767 adversa
2071 2707 2245 2779 ‚invi-⁴

308 2778 389 2853 ia,
414 2778 621 2859 usique
650 2784 810 2851 sunt,
845 2776 964 2857 qud
991 2777 1111 2837 suis
1159 2776 1427 2857 quisque,
1463 2778 1583 2857 qu&
1609 2782 1792 2841 totius
1827 2786 2057 2846 ordinis
2085 2786 2216 2845 vin·-
2243 2776 2245 2787 '

262 2859 388 2918 bus.
467 2859 559 2917 Ac
586 2857 777 2939 prim&
802 2862 1033 2917 tentata
1058 2878 1155 2917 res
1181 2862 1292 2924 est,
1331 2856 1400 2926 si,
1425 2857 1729 2937 dispositis
1757 2862 2100 2935 clientibus,
2125 2867 2217 2924 ab·
2243 2798 2245 2937 1

262 2936 571 3001 stertendo
598 2936 859 3011 singulos
900 2934 937 2993 εἶ
964 2934 1310 3011 coitionibus
1359 2938 1756 3017 consiliisque,
1781 2940 2064 3003 dis‘icere
2095 2964 2214 3002 rem

258 3012 521 3095 possent.
599 2999 879 3073 Universi
920 3012 1137 3072 deinde
1187 3031 1546 3092 processere,
1589 3017 1850 3096 (quicqui
1943 3026 2082 3079 erat
2111 3022 2216 3081 Pa·

258 3098 439 3163 trum,
464 3094 595 3149 reus
624 3089 875 3167 diceres)
922 3090 1191 3170 precibus
1239 3090 1464 3168 plebem
1493 3104 1922 3173 exposcente83
1963 3107 1999 3137 ⁶·
2025 3118 2214 3159 unum

258 3168 367 3227 sibi
398 3168 609 3240 civem,
654 3188 833 3229 unum
864 3174 1214 3237 senatorem,
1240 3167 1290 3226 si
1331 3166 1706 3231 innocentem
1750 3175 2058 3237 absolvere
2090 3179 2214 3238 nol·
2242 3198 2243 3245 3

254 3245 405 3315 lent,
451 3266 556 3326 pro
598 3254 850 3308 nocente
897 3247 1237 3307 donarent.”
1317 3244 1452 3326 Ipse
1499 3251 1678 3326 quum
1729 3252 1826 3313 die
1875 3252 2048 3315 dicta
2097 3276 2212 3315 non
2242 3252 2243 3257 ’

256 3322 511 3395 adesset,
536 3332 969 3405 perseveratum
999 3324 1058 3383 in
1086 3324 1310 3388 iraest.
1388 3325 1713 3388 Damnatus
1739 3332 1952 3392 absens
1979 3334 2044 3395 in
2073 3335 2214 3394 Vol·

256 3420 391 3461 scos
417 3403 745 3461 exsulatum
772 3404 934 3472 abiit,
973 3400 1254 3468 minitans
1278 3402 1512 3482 patriae,
1539 3406 1898 3489 hostilesque
1914 3412 2050 3493 jam
2079 3421 2210 3473 tum

256 3478 497 3571 spiritus
522 3499 753 3559 gerens.
829 3479 1183 3549 Venientem
1211 3480 1414 3541 Volsci
1461 3483 1711 3565 benigne
1737 3508 2072 3567 excepere3
2115 3494 2241 3552 ber

254 3556 610 3639 mgnifisque
637 3552 700 3619 in
728 3558 855 3618 dies
883 3558 1155 3619 colebant
1180 3578 1296 3641 quo
1317 3562 1504 3640 major
1523 3562 1606 3621 ira
1636 3563 1694 3623 in
1725 3585 1863 3625 suos
1885 3568 2212 3638 eminebat.
2240 3554 2241 3576 ¹

255 3637 596 3719 crebraeque
622 3655 779 3698 nunc
800 3640 1083 3718 querelae.
1100 3656 1260 3704 nunc
1281 3642 1460 3705 minae
1477 3638 1970 3723 percipiebantur.
2055 3648 2218 3713 Hos·
