2267 4000
901 230 1159 328 mesu
1197 232 1272 297 v.
1317 326 1334 334 x
1925 241 2048 304 259

79 402 291 468 urcem
316 383 790 467 Capitoliumque
816 388 1173 451 concedere:
1210 390 1508 471 armisque
1529 396 1592 453 et
1609 392 1904 457 frumento
1917 397 2038 457 col-

87 462 250 533 latis,
276 484 349 523 ex
388 466 519 526 loco
564 466 703 527 inde
744 466 971 527 munito
1009 467 1168 529 Deos
1207 468 1591 550 hominesque
1617 478 1681 536 et
1709 474 2040 535 Romanum

85 562 309 602 nomen
332 542 673 607 defendere.
750 544 1076 607 Flaminem
1099 548 1556 627 sacerdotesque
1585 548 1853 612 Vestales
1869 572 2041 615 sacra
2129 586 2136 590 ·
2257 594 2264 605 =

86 622 328 700 publica
354 619 391 679 εὶ
418 624 609 694 caede,
634 624 705 683 ab
724 622 1015 685 incendiis
1039 625 1239 704 procul
1262 627 1494 687 auferre
1519 646 1538 685 a
1579 646 1689 688 nec
1710 630 1850 689 ante
1871 630 2044 690 dese-

85 699 141 759 ri
168 699 395 761 cultum
434 720 661 773 eorum,
684 702 861 780 qut-im
904 720 1022 761 non
1050 710 1444 781 superessent,
1483 704 1586 784 qui
1613 706 1895 768 colerent.
1975 707 2046 767 Si
2132 721 2137 725 ’
2173 712 2178 715 ’

84 780 195 838 arx
213 776 719 859 Capitoliumque,
743 780 917 841 sedes
943 778 1230 849 Deorum,
1261 781 1312 841 si
1334 788 1594 852 senatus,
1621 782 1798 864 caput
1819 785 2048 866 publici

84 856 341 924 consilii,
366 856 417 916 si
445 856 717 929 militaris
745 859 1032 936 juventus
1072 857 1433 937 superfuerit
1473 860 1806 923 imminenti
1847 863 2040 925 ruinae

78 933 267 1003 urbis,
289 932 529 997 facilem
552 938 851 1015 jacturam
886 956 1017 997 esse
1060 937 1374 1005 seniorum,
1411 938 1642 1001 relictae
1669 940 1730 999 in
1759 944 1902 1001 urbe
1927 941 2046 1002 uti-

86 1032 212 1091 quo
236 1010 515 1090 periturse
562 1014 751 1075 turbae
770 1033 799 1073 x—
830 1020 908 1083 et,
950 1032 1067 1091 quo
1088 1014 1172 1073 -id
1207 1014 1466 1093 aequiore
1509 1016 1705 1077 animo
1747 1017 1826 1078 de
1871 1019 2048 1098 plebe

86 1090 411 1150 multitudo
439 1091 640 1161 ferret,
676 1110 849 1153 senes
875 1090 1262 1171 triumphales
1291 1092 1749 1187 consularesque
1775 1095 1952 1155 simul
1980 1114 2052 1158 se

86 1188 229 1228 cum
254 1168 375 1229 illis
404 1170 598 1249 palam
626 1167 826 1231 dicere
852 1169 1148 1241 obituros3
1187 1189 1299 1231 nec
1325 1170 1416 1230 his
1445 1177 1802 1251 corporibuS,
1835 1174 2051 1253 quibus

84 1266 213 1307 non
239 1265 403 1307 arma
428 1248 603 1321 ferre,
632 1266 767 1309 nous
782 1248 937 1309 tueri
972 1247 1224 1327 patriam
1265 1255 1530 1329 possent,
1555 1257 1898 1313 oneraturos
1923 1252 2054 1313 ino-

86 1325 249 1404 piam
274 1332 650 1387 armatorum.
784 1352 789 1359 ·
1686 1384 1690 1391 .
1823 1370 1828 1375 -
2032 1367 2045 1377 ·

170 1402 302 1463 XL.
344 1404 503 1465 Haec
525 1406 683 1465 inter
708 1404 968 1468 seniores
1001 1404 1176 1465 morti
1201 1405 1530 1467 destinatos
1545 1408 1778 1487 jactata
1815 1407 2050 1469 solatia.
2091 1426 2094 1430 ·

91 1480 303 1547 Versoe
325 1480 470 1544 inde
510 1481 949 1545 adhortationes
974 1480 1051 1542 ad
1077 1500 1287 1563 agmen
1307 1486 1616 1561 juvenum,
1649 1506 1798 1564 quos
1845 1484 1908 1545 in
1935 1486 2054 1545 Ga-

89 1557 365 1640 pitolium
402 1566 584 1640 atque
636 1560 699 1621 in
744 1578 943 1620 urcem
988 1562 1512 1643 prosequebantur,
1561 1562 2050 1625 commendantes

88 1638 303 1701 virtuti
332 1658 533 1699 eorum
551 1640 941 1718 juventaeque
953 1636 1127 1698 urbi-s
1155 1657 1260 1716 per
1282 1644 1585 1699 trecentos
1614 1639 1922 1720 sexaginta
1947 1660 2056 1703 an-

90 1735 207 1777 nos
233 1716 500 1793 omnibus
538 1717 713 1779 bellis
754 1715 1034 1785 victricis,
1074 1735 1452 1795 quaecunque
1478 1717 1705 1797 reliqua
1731 1723 1912 1786 esset,
1937 1716 2056 1779 for-

90 1802 321 1856 tunam.
398 1794 899 1876 Digredientibus,
937 1793 1041 1872 qui
1084 1799 1253 1872 spem
1283 1814 1516 1857 omnem
1541 1802 1720 1875 atque
1747 1814 1916 1875 opem
1965 1816 2056 1879 se-

94 1892 235 1935 cum
277 1871 559 1943 ferebant,
582 1876 655 1933 ab
694 1872 786 1944 iis,
811 1874 914 1953 qui
940 1877 1133 1953 captae
1163 1872 1321 1933 urbis
1351 1892 1469 1933 non
1498 1892 1806 1952 superesse
1833 1879 2056 1936 statue·-

90 1956 233 2014 rant
258 1948 477 2023 exiti03
516 1972 697 2032 quum
722 1951 853 2034 ipsa
878 1971 974 2014 res
996 1950 1344 2042 speciesque
1371 1950 1724 2014 miserabilis
1747 1959 1896 2026 erat,
1924 1960 2055 2014 tum

90 2028 399 2092 muliebris
424 2029 599 2092 fletus
626 2037 688 2092 et
712 2035 1087 2094 concursatio
1131 2035 1376 2100 mserta,
1417 2050 1574 2092 nunc
1599 2029 1707 2090 hos
1732 2050 1891 2090 nun-c
1917 2031 2056 2100 illos
2081 2041 2084 2046 “
2176 2054 2183 2057 ·

86 2109 490 2186 sequentium,
512 2108 1015 2188 rogitantiumque
1026 2107 1198 2168 ‘viros
1225 2113 1534 2188 natosque,
1572 2109 1670 2168 cui
1697 2129 1764 2168 se
1791 2107 1916 2178 feto
1950 2109 2055 2170 da·-

88 2192 253 2255 rent,
278 2183 443 2255 nihil,
480 2186 636 2266 quod
680 2185 949 2260 humanis
991 2188 1332 2266 superesset
1371 2187 1561 2254 malis,
1607 2183 2057 2264 relinquebant3

87 2281 309 2343 magna
392 2283 489 2325 ars
528 2273 729 2326 tamen
770 2283 975 2326 earum
1010 2262 1073 2322 in
1114 2281 1312 2322 arcem
1355 2282 1492 2324 suos
1531 2269 1866 2342 prosecutae
1895 2283 1961 2324 su
1969 2269 2056 2335 nt,

90 2361 213 2406 nec
240 2360 347 2419 pro
385 2342 583 2404 ibente
608 2343 751 2412 ullo,
788 2361 901 2408 nec
926 2347 1180 2400 vocante
1196 2359 1217 2398 ι
1255 2341 1415 2418 quia,
1441 2341 1600 2422 quod
1627 2339 1774 2402 utile
1799 2341 2058 2407 obsessis

85 2421 171 2483 ad
202 2417 583 2482 minuendam
607 2419 905 2483 imbellem
930 2415 1392 2490 multitudinem,
1411 2419 1472 2480 id
1498 2437 1706 2499 porum
1731 2417 2056 2482 humanum

92 2501 249 2562 erat.
328 2499 467 2558 Alia
492 2497 745 2560 maxime
770 2498 966 2579 plebis
999 2497 1194 2586 turba,
1225 2515 1403 2575 quam
1429 2517 1538 2578 nec
1569 2517 1786 2590 capere
1809 2504 1932 2560 tam
1958 2519 2058 2560 ex-

92 2579 271 2658 iguus
300 2577 490 2648 collis,
514 2595 625 2638 nec
651 2577 812 2639 alere
856 2577 921 2638 in
947 2581 1117 2636 tantu
1145 2574 1342 2656 mopia
1374 2576 1666 2638 frumenti
1811 2582 1956 2646 erat,
1981 2595 2058 2638 ex

93 2656 247 2717 urbe
286 2655 473 2720 effuso
512 2655 679 2718 velut
718 2653 951 2748 agmine
987 2655 1114 2734 jam
1163 2672 1284 2716 uno
1309 2654 1482 2730 petiit
1505 2653 1714 2730 Janieu
1745 2673 1876 2725 um;
1913 2653 2059 2716 inde.

93 2751 241 2816 pars
260 2753 367 2813 per
390 2753 569 2815 agros
584 2734 821 2813 dilapsi,
845 2751 981 2815 pars
1004 2733 1176 2790 urbes
1218 2735 1432 2808 petunt
1457 2729 1754 2801 finitimas,
1775 2724 1904 2792 sine
1933 2731 2058 2793 ullo

94 2813 255 2874 duce
295 2819 399 2872 aut
424 2829 739 2880 consensu,
780 2827 945 2868 suam
987 2807 1238 2884 quisque
1265 2826 1296 2864 s
1371 2826 1450 2875 m,
1475 2825 1584 2868 sua
1607 2807 1874 2879 consilis,
1899 2823 2056 2878 com·-

94 2889 377 2952 munibus
402 2886 744 2968 deploratis,
759 2890 1168 2962 exsequentes.
1247 2883 1294 2940 F
1321 2903 1494 2945 amen
1523 2884 1758 2949 interim
1785 2886 2058 2960 Quirina-

93 2969 179 3030 lis
205 2965 579 3046 virginesque
616 2959 913 3031 Ve'stsles,
952 2961 1171 3022 omissa
1212 2981 1408 3024 rerum
1451 2981 1686 3024 suarum
1729 2969 1874 3022 curs.
1914 2983 2058 3044 quae

96 3061 402 3107 sacrorum
425 3063 629 3105 secum
654 3041 919 3114 ferenda,
960 3059 1079 3121 que
1118 3041 1282 3122 (quia
1312 3041 1473 3103 vires.
1488 3041 1567 3102 ad
1595 3039 1790 3102 omnia
1811 3040 2060 3106 ferenda
2174 3100 2181 3105 .

94 3119 377 3200 deerant)
415 3119 804 3201 relinquenda
848 3125 1071 3190 essent,
1094 3120 1520 3187 consultantes,
1556 3119 1768 3199 quisve
1789 3139 1864 3182 ea
1886 3121 2060 3182 locus

96 3198 271 3264 fideli
296 3206 701 3274 asservatur-us
740 3198 1010 3258 custodis
1036 3202 1232 3270 esset3
1269 3196 1558 3276 optimum
1583 3198 1832 3266 ducunt,
1854 3199 2062 3264 condi·

98 3285 171 3344 ta
194 3276 259 3338 in
282 3277 521 3338 doliolis
542 3276 765 3340 sacello
784 3277 1047 3358 proximo
1074 3275 1300 3334 sedibus
1326 3273 1580 3338 flaminis
1597 3272 1936 3350 Quirinalis,
1954 3277 2064 3349 ubi

102 3376 271 3420 nunc
311 3355 520 3438 despui
562 3355 767 3436 religio
807 3360 919 3426 est,
957 3353 1273 3424 defodere3
1297 3357 1532 3418 cetera.
1571 3353 1730 3414 inter
1773 3371 1838 3416 se
1875 3375 2056 3417 onere

190 3435 349 3504 rtito,
371 3433 572 3496 ferunt
606 3433 887 3518 vitnfluae
914 3432 1364 3571 suffllicioponte
1385 3430 1552 3492 ducit
1575 3431 1652 3492 ad
1695 3430 2058 3494 Ianiculum.

103 3455 185 3576 Pii
210 3533 281 3592 eo
308 3513 465 3575 clivo
488 3531 591 3574 ess
615 3529 797 3591 quum
822 3512 907 3572 In·
922 3514 979 3572 A
1042 3510 1217 3580 ‘nius,
1239 3509 1320 3571 de
1351 3509 1524 3589 plebe
1564 3510 1832 3572 Romarm
1863 3510 2060 3586 homo,

106 3592 531 3671 conspexisset,
554 3590 821 3673 plaustro
844 3607 954 3650 con
979 3610 1152 3671 egem
1177 3607 1248 3650 ac
1274 3587 1488 3650 liberos
1513 3588 1734 3650 vehens
1775 3587 1932 3647 inter
1952 3607 2060 3650 ce·

101 3677 297 3758 geram
334 3672 585 3746 turbam,
626 3687 765 3761 quae
807 3612 1037 3736 inutiiss
1082 3667 1244 3756 bello
1287 3667 1432 3738 urbe
1477 3665 1836 3740 excedebm
1885 3665 2054 3760 salvo

998 3742 1044 3757 .·-⁸
