2267 4000
868 198 1125 262 menn
1166 200 1217 261 ι’
1996 212 2039 287 ,9

73 352 232 434 ripas
260 353 498 418 Tiberis
537 352 758 415 effusus
803 354 1036 415 lenibus
1071 356 1319 437 stagnis,
1338 378 1453 421 nec
1499 358 1653 421 adiri
1678 377 1929 440 usquam
1952 364 2033 429 ad

67 432 210 511 justi
241 452 483 493 cursum
501 438 736 506 poterat
749 433 976 507 amnis;
997 442 1076 504 et,
1089 454 1262 515 posse
1279 437 1549 517 quamvis
1574 440 1854 519 languida
1882 460 2031 502 mer-

75 511 128 590 gi
153 529 310 591 aqua
332 511 612 581 infantes,
638 518 808 592 spem-
824 510 1157 587 ‚terentibus
1182 516 1379 575 dabat.
1457 510 1556 576 Itis
1572 517 1737 577 velut
1762 518 2034 581 defuncti

75 589 224 669 regis
251 588 580 671 imperiojn
608 588 876 671 proxima
899 588 1139 661 alluvie,
1163 593 1261 653 ubi
1300 612 1459 654 nunc
1506 593 1653 657 ficus
1700 596 2035 663 Ruminalis

75 675 158 728 est
178 668 600 747 (Romularem
625 666 1388 751 vocatam.ferunt)'pueros
1426 680 1747 753 exponunt.
1823 676 2033 737 Vastae

73 748 190 805 tum
219 746 286 809 in
305 746 394 809 iis.
411 745 558 811 locis
584 745 938 819 solitudines
960 754 1151 808 erant.
1178 807 1183 811 .
1228 750 1426 811 Tenet
1452 750 1629 822 fama,
1674 772 1855 831 quum
1904 755 2036 817 flui-

75 828 298 885 tantem
347 825 620 901 Alveam,
647 844 766 904 quo
807 826 1056 906 expositi
1099 835 1273 893 erant
1300 829 1483 909 pueri,
1529 830 1725 891 tenuis
1767 830 1829 893 in
1872 833 2037 895 sicco

71 920 220 981 aqua
257 901 654 974 destituisset,
705 904 904 983 lupam
945 904 1247 967 sitientem
1275 906 1373 967 ex*
1393 908 1709 979 montibus,
1731 911 1835 989 qui
1864 912 2033 975 circa

72 988 230 1052 sunt,
251 980 334 1041 ad
358 980 646 1063 puerilem
669 984 934 1061 vagitum
961 1000 1201 1043 cursum
1220 983 1457 1045 flexisse
1477 1004 1499 1056 3
1538 1004 1669 1045 eum
1690 990 2031 1052 summissas

67 1056 390 1121 infantibus
415 1059 566 1121 adeo
594 1058 802 1121 mitem
825 1060 1153 1140 praebuisse
1190 1080 1493 1134 mammas,
1514 1070 1585 1125 ut
1627 1063 1829 1144 lingua
1880 1066 2029 1129 lam-

67 1136 300 1199 bentem
347 1156 562 1219 pueros
588 1139 871 1218 mag-ister
895 1138 1041 1219 regii
1160 1141 1313 1201 coris
1354 1140 1667 1203 invenerit.
1744 1144 2031 1208 Faustulo

67 1212 244 1277 fuisse
265 1220 484 1279 nomeu
510 1216 727 1278 ferunt.
804 1217 907 1277 Ab
927 1237 998 1279 eo
1021 1236 1058 1277 a
1121 1219 1355 1281 stabula
1376 1220 1679 1281 Larentiae
1696 1222 1865 1283 uxori
1884 1224 2035 1290 edu-

67 1295 284 1355 candos
313 1296 486 1356 latos.
565 1296 734 1367 Sunt,
753 1295 858 1376 qui
885 1296 1251 1365 Larentiam,
1267 1298 1510 1378 vulgato
1534 1312 1799 1379 corpore,
1824 1302 2027 1381 lupam

61 1370 215 1433 inter
281 1380 512 1435 astures
532 1374 810 1434 vocatum
834 1381 1085 1455 putent3
1122 1374 1265 1437 inde
1292 1376 1490 1437 locum
1516 1376 1733 1437 fabulae
1756 1399 1827 1439 ac
1852 1380 2025 1441 mira·

66 1454 196 1511 culo
265 1461 452 1513 atum.
529 1452 624 1512 Ita
647 1452 851 1533 geniti,
875 1453 1078 1536 itaque
1104 1455 1365 1524 educati,
1389 1476 1571 1535 quum
1599 1454 1861 1536 primum
1884 1458 2029 1519 ado-

63 1527 208 1590 levit
236 1538 404 1601 aetas,
451 1550 562 1591 nec
591 1530 654 1591 in
697 1532 962 1608 stabulis,
986 1550 1102 1591 nec
1143 1532 1225 1591 ad
1262 1552 1480 1613 pecora
1507 1535 1723 1614 segnis,
1752 1537 2025 1598 venando

61 1627 371 1691 peragrare
412 1609 574 1669 circa
600 1608 807 1669 saltus.
885 1609 1068 1683 Hinc,
1094 1606 1301 1670 robore
1330 1612 1667 1691 corporibus
1692 1612 2024 1694 animisque

59 1695 312 1767 sumpto,
325 1686 778 1767 jm-mnfems·
807 1688 1046 1747 tantum
1087 1687 1429 1763 subsistere,
1464 1689 1573 1750 sed
1624 1690 1688 1750 in
1734 1690 2023 1771 latrones.

55 1767 264 1842 praeda
279 1772 542 1835 onustae,
557 1765 812 1847 impetus
832 1766 1050 1836 facere,
1065 1766 1514 1845 pastoribusque
1529 1774 1699 1847 rapta
1713 1766 1977 1831 dividere
1992 1791 2017 1843 3-

61 1852 284 1983 etlcgm
309 1844 402 1907 his
431 1850 740 1905 crescente
775 1843 976 1907 indies
1006 1864 1185 1925 grege
1217 1848 1532 1925 juvenum,
1551 1845 1702 1907 seria
1728 1866 1796 1908 ac
1842 1850 2015 1928 jocos

61 1940 123 1982 ce
151 1945 184 1982 e
223 1944 378 1984 rare.
1500 1958 1509 1973 ι

131 2001 206 2063 V.
243 2003 381 2066 Jam
405 2006 534 2062 tum
559 2001 624 2064 in
648 2003 922 2064 Palatino
949 2008 1153 2064 monte
1178 2003 1475 2084 Lupercal
1502 2003 1611 2065 hoc
1638 2005 1821 2068 fuisse
1860 2006 2020 2068 ludi-

60 2099 220 2140 crum
246 2081 468 2150 ferunt,
494 2087 556 2140 et
583 2080 620 2139 εἴ
643 2081 972 2152 Pallanteo,
997 2083 1139 2142 urbe
1160 2082 1477 2154 Arcadica,
1502 2079 1883 2155 Pallantium,
1910 2083 2013 2144 de-

57 2156 194 2218 inde
241 2157 584 2230 Penatium,
610 2166 886 2222 montem,
912 2161 1291 2240 appellatum,
1368 2160 1461 2229 Ibi
1499 2161 1867 2233 Evandrum,
1906 2162 2013 2240 qui

58 2255 128 2296 ex
152 2256 223 2298 eo
247 2239 469 2318 genere
493 2235 795 2298 Arcadum
822 2239 1026 2303 multis
1051 2244 1193 2298 ante
1231 2239 1681 2322 tempestatibus
1710 2257 1785 2297 ea
1807 2245 2015 2319 tenue-

59 2320 146 2376 rat
167 2315 318 2386 loca,
346 2313 588 2375 solenne
613 2317 859 2376 allatum
885 2335 962 2374 ex
987 2316 1227 2370 arcadia
1252 2313 1599 2386 immisse,
1642 2321 1711 2376 ut
1736 2316 1879 2387 nudi
1911 2318 2011 2397 ju-

57 2410 256 2463 venes,
277 2393 549 2473 Lyceum
574 2394 741 2450 Pana
761 2393 1114 2478 venerantes
1140 2408 1247 2468 per
1272 2388 1464 2450 lusum
1490 2397 1670 2472 atque
1698 2393 2006 2456 lasciviam

55 2479 376 2532 currerent.
453 2471 646 2544 Quem
675 2465 932 2528 Romani
951 2466 1171 2527 demde
1200 2473 1491 2528 voc-&runt
1530 2469 1765 2532 Inuum.
1844 2473 2011 2536 Huic

55 2547 270 2609 deditis
288 2547 535 2619 ludicro,
554 2567 736 2627 quum
751 2545 994 2606 solenne
1009 2554 1217 2606 notum
1238 2553 1415 2616 esset,
1434 2547 1743 2610 insidiatos
1758 2549 1833 2610 ob
1856 2550 2005 2612 iram

91 2628 276 2688 raedae
305 2626 540 2687 amissae
590 2625 870 2694 latrones,
908 2643 1090 2702 quum
1115 2625 1407 2685 Romulus
1432 2625 1492 2684 vi
1525 2647 1590 2688 se
1630 2625 2007 2702 disendisset5

141 2727 301 2766 mum
345 2705 574 2784 cepisse
583 2725 606 2777 3
643 2709 882 2784 captum
909 2705 1033 2782 regi
1078 2701 1320 2764 Amulio
1344 2703 1684 2776 tradidisse,
1707 2705 1869 2766 ultro
1902 2726 2003 2767 ac-
2098 2735 2115 2741 -

53 2789 344 2846 cusantes.
421 2782 676 2846 Crimini
703 2780 956 2842 maxim&
1001 2779 1245 2850 dabant,
1269 2780 1333 2839 in
1374 2779 1707 2842 Numitoris
1731 2801 1902 2864 agros
1926 2785 2002 2844 ab

55 2858 138 2922 his
162 2865 450 2944 impetum
478 2861 604 2934 fieri
629 2881 648 2931 ς
685 2859 828 2922 inde
852 2879 974 2929 eos,
999 2857 1253 2920 collecta
1268 2859 1557 2936 juvenum
1582 2879 1781 2930 manu,
1818 2860 1999 2922 hosti‘-

55 2937 162 3001 lem
183 2941 250 3002 in
291 2941 531 3002 modum
555 2937 793 3022 praedas
891 3005 893 3008 Α
926 2956 1009 2996 re.
1087 2935 1187 2996 Sic
1214 2935 1513 2996 Numitori
1538 2936 1615 2998 ad
1641 2937 1997 3020 supplicium

55 3015 269 3080 Remus
296 3017 552 3079 deditur.
626 3020 759 3080 Iam
783 3016 848 3077 in
891 3035 926 3076 e
949 3015 1030 3076 ab.
1047 3011 1219 3075 initio
1270 3014 1553 3076 Faustulo
1606 3035 1743 3097 spes
1776 3017 1995 3094 fuerat,
2098 3016 2108 3027 ‘

53 3099 268 3177 regiam
293 3096 539 3176 stirpem
563 3097 720 3177 apud
742 3116 806 3156 se
825 3094 1066 3158 educari
1086 3115 1105 3166 ς
1144 3113 1283 3156 nam
1306 3099 1371 3155 et
1390 3094 1686 3176 expositos
1714 3096 1875 3156 ’ussu
1902 3115 1995 3158 re-

52 3172 1377 3315 {3³1{53:33⁹⁰3323122302231¹523133tffizz
1392 3179 1699 3314 effigi?
1722 3173 1991 3316 ²⁸5ssae

686 3297 702 3325 2
1378 3294 1397 3321 2

51 3275 290 3405 sioxiem,
315 3275 577 3410 autnger‘
594 3331 1009 3394 necessitatem
1035 3351 1070 3390 a
1146 3327 1249 3390 riri
1274 3329 1563 3392 noluerat.
1702 3331 1989 3393 ecessitas

89 3411 203 3472 rior
227 3411 413 3472 venit.
485 3418 548 3472 ta
565 3417 730 3474 metu
749 3411 1038 3477 sebactus,
1149 3407 1307 3469 mulo
1328 3427 1453 3469 rem
1472 3409 1680 3489 aperit.
1722 3409 1901 3471 Forte
1926 3415 1990 3470 et

109 3489 368 3562 umltori‚
391 3510 574 3570 quum
600 3489 663 3552 in
699 3487 969 3551 custodia
1013 3487 1268 3548 Remum
1314 3486 1571 3562 haberet,
1597 3487 1981 3578 audissetque

53 3569 307 3645 geminos
327 3589 460 3630 esse
501 3567 734 3642 fratres,
757 3565 1153 3646 comparendo
1178 3571 1243 3628 et
1270 3569 1505 3656 aetatem
1548 3585 1771 3636 eorum,
1810 3569 1873 3624 et
1894 3584 1983 3650 xp·

55 3653 177 3708 saus
193 3645 438 3720 minime
475 3647 754 3712 servilem
777 3645 1058 3718 indolem,
1099 3646 1382 3724 tetigerat
1404 3661 1663 3704 animum
1702 3656 1983 3702 memoria
