<?xml version="1.0" encoding="UTF-8"?>
<!DOCTYPE html PUBLIC "-//W3C//DTD XHTML 1.0 Transitional//EN"
    "http://www.w3.org/TR/xhtml1/DTD/xhtml1-transitional.dtd">
<html xmlns="http://www.w3.org/1999/xhtml" xml:lang="en" lang="en">
 <head>
  <title>
</title>
<meta http-equiv="Content-Type" content="text/html;charset=utf-8" />
  <meta name='ocr-system' content='tesseract 3.04.00' />
  <meta name='ocr-capabilities' content='ocr_page ocr_carea ocr_par ocr_line ocrx_word'/>
</head>
<body>
  <div class='ocr_page' id='page_1' title='image "./titiliviipatavi06livygoog_0101.png"; bbox 0 0 2267 4000; ppageno 0'>
   <div class='ocr_carea' id='block_1_1' title="bbox 903 149 2078 228">
    <p class='ocr_par' dir='ltr' id='par_1_1' title="bbox 903 149 2078 228">
     <span class='ocr_line' id='line_1_1' title="bbox 903 149 2078 228; baseline 0.003 -4"><span class='ocrx_word' id='word_1_1' title='bbox 903 149 1182 224; x_wconf 68' lang='lat' dir='ltr'>LIBER</span> <span class='ocrx_word' id='word_1_2' title='bbox 1211 161 1294 222; x_wconf 90' lang='lat'><strong>11.</strong></span> <span class='ocrx_word' id='word_1_3' title='bbox 1613 215 1621 225; x_wconf 83' lang='lat'><strong>.</strong></span> <span class='ocrx_word' id='word_1_4' title='bbox 2001 169 2078 228; x_wconf 75' lang='lat'><strong>98</strong></span> 
     </span>
    </p>
   </div>
   <div class='ocr_carea' id='block_1_2' title="bbox 74 307 2158 3687">
    <p class='ocr_par' dir='ltr' id='par_1_2' title="bbox 74 307 2158 1962">
     <span class='ocr_line' id='line_1_2' title="bbox 194 307 2078 390; baseline 0.006 -18"><span class='ocrx_word' id='word_1_5' title='bbox 194 307 440 374; x_wconf 85' lang='lat' dir='ltr'>XLIII.</span> <span class='ocrx_word' id='word_1_6' title='bbox 480 313 553 390; x_wconf 82' lang='lat' dir='ltr'><strong>Q.</strong></span> <span class='ocrx_word' id='word_1_7' title='bbox 580 315 794 376; x_wconf 80' lang='lat' dir='ltr'><strong>Fabius</strong></span> <span class='ocrx_word' id='word_1_8' title='bbox 836 316 979 377; x_wconf 83' lang='lat' dir='ltr'><strong>inde</strong></span> <span class='ocrx_word' id='word_1_9' title='bbox 1024 324 1087 378; x_wconf 86' lang='lat' dir='ltr'><strong>et</strong></span> <span class='ocrx_word' id='word_1_10' title='bbox 1112 316 1183 377; x_wconf 85' lang='lat' dir='ltr'><strong>C.</strong></span> <span class='ocrx_word' id='word_1_11' title='bbox 1218 318 1410 381; x_wconf 79' lang='lat' dir='ltr'><strong>Julius</strong></span> <span class='ocrx_word' id='word_1_12' title='bbox 1455 321 1729 382; x_wconf 82' lang='lat' dir='ltr'><strong>consules</strong></span> <span class='ocrx_word' id='word_1_13' title='bbox 1776 319 1940 381; x_wconf 82' lang='lat' dir='ltr'><strong>facti.</strong></span> <span class='ocrx_word' id='word_1_14' title='bbox 1987 319 2078 384; x_wconf 82' lang='lat' dir='ltr'><strong>Eo</strong></span> 
     </span>
     <span class='ocr_line' id='line_1_3' title="bbox 88 394 2076 469; baseline 0.004 -19"><span class='ocrx_word' id='word_1_15' title='bbox 88 407 283 450; x_wconf 73' lang='lat' dir='ltr'><strong>anno</strong></span> <span class='ocrx_word' id='word_1_16' title='bbox 306 411 433 452; x_wconf 85' lang='lat' dir='ltr'><strong>non</strong></span> <span class='ocrx_word' id='word_1_17' title='bbox 460 413 525 454; x_wconf 87' lang='lat' dir='ltr'><strong>se</strong></span> <span class='ocrx_word' id='word_1_18' title='bbox 604 394 695 454; x_wconf 86' lang='lat' dir='ltr'><strong>ior</strong></span> <span class='ocrx_word' id='word_1_19' title='bbox 740 395 1041 456; x_wconf 80' lang='lat' dir='ltr'><strong>discordia</strong></span> <span class='ocrx_word' id='word_1_20' title='bbox 1078 395 1258 469; x_wconf 87' lang='lat' dir='ltr'><strong>domi,</strong></span> <span class='ocrx_word' id='word_1_21' title='bbox 1295 403 1360 460; x_wconf 89' lang='lat' dir='ltr'><strong>et</strong></span> <span class='ocrx_word' id='word_1_22' title='bbox 1403 399 1624 459; x_wconf 74' lang='lat' dir='ltr'><strong>bellum</strong></span> <span class='ocrx_word' id='word_1_23' title='bbox 1651 399 1792 460; x_wconf 79' lang='lat' dir='ltr'><strong>foris</strong></span> <span class='ocrx_word' id='word_1_24' title='bbox 1821 397 2076 458; x_wconf 79' lang='lat' dir='ltr'><strong>atrocius</strong></span> 
     </span>
     <span class='ocr_line' id='line_1_4' title="bbox 90 470 2076 557; baseline 0.004 -27"><span class='ocrx_word' id='word_1_25' title='bbox 90 470 250 530; x_wconf 78' lang='lat' dir='ltr'><strong>fuit.</strong></span> <span class='ocrx_word' id='word_1_26' title='bbox 332 473 435 531; x_wconf 87' lang='lat' dir='ltr'><strong>Ab</strong></span> <span class='ocrx_word' id='word_1_27' title='bbox 544 473 678 551; x_wconf 88' lang='lat' dir='ltr'><strong>quis</strong></span> <span class='ocrx_word' id='word_1_28' title='bbox 719 492 883 534; x_wconf 75' lang='lat' dir='ltr'><strong>arina</strong></span> <span class='ocrx_word' id='word_1_29' title='bbox 922 479 1172 554; x_wconf 81' lang='lat' dir='ltr'><strong>sumpta.</strong></span> <span class='ocrx_word' id='word_1_30' title='bbox 1275 477 1801 557; x_wconf 70' lang='lat' dir='ltr'><strong>Vejentesagrum</strong></span> <span class='ocrx_word' id='word_1_31' title='bbox 1838 495 2076 557; x_wconf 85' lang='lat' dir='ltr'><strong>quoque</strong></span> 
     </span>
     <span class='ocr_line' id='line_1_5' title="bbox 74 549 2080 642; baseline 0.004 -34"><span class='ocrx_word' id='word_1_32' title='bbox 74 549 527 610; x_wconf 83' lang='lat' dir='ltr'><strong>·R.omanorum</strong></span> <span class='ocrx_word' id='word_1_33' title='bbox 621 553 893 642; x_wconf 82' lang='lat' dir='ltr'><strong>pulantes</strong></span> <span class='ocrx_word' id='word_1_34' title='bbox 909 552 1211 626; x_wconf 83' lang='lat' dir='ltr'><strong>inierunt;</strong></span> <span class='ocrx_word' id='word_1_35' title='bbox 1232 575 1479 634; x_wconf 86' lang='lat' dir='ltr'><strong>quorum</strong></span> <span class='ocrx_word' id='word_1_36' title='bbox 1500 555 1786 616; x_wconf 84' lang='lat' dir='ltr'><strong>bellorum</strong></span> <span class='ocrx_word' id='word_1_37' title='bbox 1807 574 2080 616; x_wconf 80' lang='lat' dir='ltr'><strong>crescen-</strong></span> 
     </span>
     <span class='ocr_line' id='line_1_6' title="bbox 76 629 2106 712; baseline 0.002 -24"><span class='ocrx_word' id='word_1_38' title='bbox 76 634 163 688; x_wconf 59' lang='lat' dir='ltr'><strong>te</strong></span> <span class='ocrx_word' id='word_1_39' title='bbox 198 632 379 697; x_wconf 67' lang='lat' dir='ltr'><strong>cura,</strong></span> <span class='ocrx_word' id='word_1_40' title='bbox 406 629 483 687; x_wconf 88' lang='lat' dir='ltr'><strong>K.</strong></span> <span class='ocrx_word' id='word_1_41' title='bbox 564 631 819 692; x_wconf 80' lang='lat' dir='ltr'><strong>abins-et</strong></span> <span class='ocrx_word' id='word_1_42' title='bbox 844 632 944 712; x_wconf 84' lang='lat' dir='ltr'><strong>Sp.</strong></span> <span class='ocrx_word' id='word_1_43' title='bbox 985 631 1198 696; x_wconf 82' lang='lat' dir='ltr'><strong>Furius</strong></span> <span class='ocrx_word' id='word_1_44' title='bbox 1224 633 1498 694; x_wconf 82' lang='lat' dir='ltr'><strong>consules</strong></span> <span class='ocrx_word' id='word_1_45' title='bbox 1525 633 1693 694; x_wconf 84' lang='lat' dir='ltr'><strong>fiunt.</strong></span> <span class='ocrx_word' id='word_1_46' title='bbox 1771 634 2073 702; x_wconf 79' lang='lat' dir='ltr'><strong>Ortonam,</strong></span> <span class='ocrx_word' id='word_1_47' title='bbox 2099 647 2106 660; x_wconf 87' lang='lat'><strong><em>‘</em></strong></span> 
     </span>
     <span class='ocr_line' id='line_1_7' title="bbox 88 707 2072 792; baseline 0.004 -27"><span class='ocrx_word' id='word_1_48' title='bbox 88 707 407 766; x_wconf 82' lang='lat' dir='ltr'><strong>Latinam</strong></span> <span class='ocrx_word' id='word_1_49' title='bbox 434 709 654 779; x_wconf 83' lang='lat' dir='ltr'><strong>urbem,</strong></span> <span class='ocrx_word' id='word_1_50' title='bbox 694 709 883 790; x_wconf 82' lang='lat' dir='ltr'><strong>AEqui</strong></span> <span class='ocrx_word' id='word_1_51' title='bbox 910 711 1341 789; x_wconf 87' lang='lat' dir='ltr'><strong>oppugnabant.</strong></span> <span class='ocrx_word' id='word_1_52' title='bbox 1438 713 1742 791; x_wconf 83' lang='lat' dir='ltr'><strong>Vejentes,</strong></span> <span class='ocrx_word' id='word_1_53' title='bbox 1765 713 1926 791; x_wconf 90' lang='lat' dir='ltr'><strong>pleni</strong></span> <span class='ocrx_word' id='word_1_54' title='bbox 1943 711 2072 792; x_wconf 86' lang='lat' dir='ltr'><strong>jam</strong></span> 
     </span>
     <span class='ocr_line' id='line_1_8' title="bbox 80 783 2072 870; baseline 0.003 -26"><span class='ocrx_word' id='word_1_55' title='bbox 80 783 587 864; x_wconf 79' lang='lat' dir='ltr'><strong>populationum,</strong></span> <span class='ocrx_word' id='word_1_56' title='bbox 624 788 873 848; x_wconf 83' lang='lat' dir='ltr'><strong>Romam</strong></span> <span class='ocrx_word' id='word_1_57' title='bbox 900 787 1087 866; x_wconf 83' lang='lat' dir='ltr'><strong>ipsam</strong></span> <span class='ocrx_word' id='word_1_58' title='bbox 1114 808 1182 848; x_wconf 87' lang='lat' dir='ltr'><strong>se</strong></span> <span class='ocrx_word' id='word_1_59' title='bbox 1209 795 1644 870; x_wconf 76' lang='lat' dir='ltr'><strong>oppugnaturos</strong></span> <span class='ocrx_word' id='word_1_60' title='bbox 1685 789 2072 850; x_wconf 80' lang='lat' dir='ltr'><strong>minabantur.</strong></span> 
     </span>
     <span class='ocr_line' id='line_1_9' title="bbox 90 863 2076 946; baseline 0.003 -24"><span class='ocrx_word' id='word_1_61' title='bbox 90 863 233 936; x_wconf 79' lang='lat' dir='ltr'><strong>Qui</strong></span> <span class='ocrx_word' id='word_1_62' title='bbox 256 867 537 934; x_wconf 82' lang='lat' dir='ltr'><strong>terrores,</strong></span> <span class='ocrx_word' id='word_1_63' title='bbox 562 885 753 944; x_wconf 46' lang='lat' dir='ltr'><strong>quum.</strong></span> <span class='ocrx_word' id='word_1_64' title='bbox 768 883 1144 945; x_wconf 78' lang='lat' dir='ltr'><strong>compescere</strong></span> <span class='ocrx_word' id='word_1_65' title='bbox 1168 865 1472 936; x_wconf 82' lang='lat' dir='ltr'><strong>deberent,</strong></span> <span class='ocrx_word' id='word_1_66' title='bbox 1491 887 1704 928; x_wconf 86' lang='lat' dir='ltr'><strong>auxere</strong></span> <span class='ocrx_word' id='word_1_67' title='bbox 1721 868 1958 946; x_wconf 84' lang='lat' dir='ltr'><strong>insuper</strong></span> <span class='ocrx_word' id='word_1_68' title='bbox 1971 887 2076 927; x_wconf 85' lang='lat' dir='ltr'><strong>an·</strong></span> 
     </span>
     <span class='ocr_line' id='line_1_10' title="bbox 87 940 2076 1025; baseline 0.001 -23"><span class='ocrx_word' id='word_1_69' title='bbox 87 941 267 1002; x_wconf 84' lang='lat' dir='ltr'><strong>imos</strong></span> <span class='ocrx_word' id='word_1_70' title='bbox 294 940 485 1021; x_wconf 84' lang='lat' dir='ltr'><strong>plebis</strong></span> <span class='ocrx_word' id='word_1_71' title='bbox 507 963 524 1001; x_wconf 69' lang='grc' dir='ltr'><strong>ε</strong></span> <span class='ocrx_word' id='word_1_72' title='bbox 564 943 910 1022; x_wconf 80' lang='lat' dir='ltr'><strong>redibatque</strong></span> <span class='ocrx_word' id='word_1_73' title='bbox 952 963 1071 1002; x_wconf 89' lang='lat' dir='ltr'><strong>non</strong></span> <span class='ocrx_word' id='word_1_74' title='bbox 1098 948 1210 1003; x_wconf 70' lang='lat' dir='ltr'><strong>sua</strong></span> <span class='ocrx_word' id='word_1_75' title='bbox 1235 951 1448 1025; x_wconf 78' lang='lat' dir='ltr'><strong>sponte</strong></span> <span class='ocrx_word' id='word_1_76' title='bbox 1487 943 1643 1024; x_wconf 86' lang='lat' dir='ltr'><strong>plebi</strong></span> <span class='ocrx_word' id='word_1_77' title='bbox 1669 963 1795 1005; x_wconf 90' lang='lat' dir='ltr'><strong>mos</strong></span> <span class='ocrx_word' id='word_1_78' title='bbox 1819 946 2076 1005; x_wconf 85' lang='lat' dir='ltr'><strong>detrect-</strong></span> 
     </span>
     <span class='ocr_line' id='line_1_11' title="bbox 90 1018 2072 1103; baseline 0.001 -23"><span class='ocrx_word' id='word_1_79' title='bbox 90 1019 259 1080; x_wconf 83' lang='lat' dir='ltr'><strong>andi</strong></span> <span class='ocrx_word' id='word_1_80' title='bbox 324 1019 635 1091; x_wconf 85' lang='lat' dir='ltr'><strong>militiam;</strong></span> <span class='ocrx_word' id='word_1_81' title='bbox 686 1021 791 1082; x_wconf 84' lang='lat' dir='ltr'><strong>sed</strong></span> <span class='ocrx_word' id='word_1_82' title='bbox 832 1021 935 1102; x_wconf 86' lang='lat' dir='ltr'><strong>Sp.</strong></span> <span class='ocrx_word' id='word_1_83' title='bbox 958 1018 1228 1082; x_wconf 87' lang='lat' dir='ltr'><strong>Licinius</strong></span> <span class='ocrx_word' id='word_1_84' title='bbox 1273 1023 1542 1084; x_wconf 84' lang='lat' dir='ltr'><strong>tribunus</strong></span> <span class='ocrx_word' id='word_1_85' title='bbox 1586 1021 1795 1103; x_wconf 87' lang='lat' dir='ltr'><strong>plebis,</strong></span> <span class='ocrx_word' id='word_1_86' title='bbox 1840 1022 2072 1083; x_wconf 78' lang='lat' dir='ltr'><strong>venisse</strong></span> 
     </span>
     <span class='ocr_line' id='line_1_12' title="bbox 86 1098 2072 1190; baseline 0.001 -30"><span class='ocrx_word' id='word_1_87' title='bbox 86 1105 357 1190; x_wconf 84' lang='lat' dir='ltr'><strong>tempus</strong></span> <span class='ocrx_word' id='word_1_88' title='bbox 378 1103 539 1158; x_wconf 86' lang='lat' dir='ltr'><strong>ratus</strong></span> <span class='ocrx_word' id='word_1_89' title='bbox 636 1121 669 1160; x_wconf 88' lang='lat' dir='ltr'><strong>r</strong></span> <span class='ocrx_word' id='word_1_90' title='bbox 688 1098 957 1160; x_wconf 81' lang='lat' dir='ltr'><strong>ultimam</strong></span> <span class='ocrx_word' id='word_1_91' title='bbox 986 1101 1402 1164; x_wconf 84' lang='lat' dir='ltr'><strong>necessitatem</strong></span> <span class='ocrx_word' id='word_1_92' title='bbox 1429 1101 1574 1181; x_wconf 84' lang='lat' dir='ltr'><strong>legis</strong></span> <span class='ocrx_word' id='word_1_93' title='bbox 1600 1102 1846 1180; x_wconf 83' lang='lat' dir='ltr'><strong>agrariae</strong></span> <span class='ocrx_word' id='word_1_94' title='bbox 1885 1101 2072 1162; x_wconf 84' lang='lat' dir='ltr'><strong>Patri·-</strong></span> 
     </span>
     <span class='ocr_line' id='line_1_13' title="bbox 84 1178 2072 1260; baseline 0.002 -25"><span class='ocrx_word' id='word_1_95' title='bbox 84 1179 217 1236; x_wconf 88' lang='lat' dir='ltr'><strong>bus</strong></span> <span class='ocrx_word' id='word_1_96' title='bbox 246 1178 533 1256; x_wconf 84' lang='lat' dir='ltr'><strong>m&#39;ungen</strong></span> <span class='ocrx_word' id='word_1_97' title='bbox 580 1197 651 1248; x_wconf 84' lang='lat' dir='ltr'><strong>ae,</strong></span> <span class='ocrx_word' id='word_1_98' title='bbox 672 1184 1015 1259; x_wconf 79' lang='lat' dir='ltr'><strong>susceperat</strong></span> <span class='ocrx_word' id='word_1_99' title='bbox 1039 1198 1166 1238; x_wconf 82' lang='lat' dir='ltr'><strong>rem</strong></span> <span class='ocrx_word' id='word_1_100' title='bbox 1195 1180 1508 1241; x_wconf 82' lang='lat' dir='ltr'><strong>militarem</strong></span> <span class='ocrx_word' id='word_1_101' title='bbox 1533 1179 2072 1260; x_wconf 82' lang='lat' dir='ltr'><strong>impediendam.—</strong></span> 
     </span>
     <span class='ocr_line' id='line_1_14' title="bbox 90 1256 2072 1350; baseline 0.001 -35"><span class='ocrx_word' id='word_1_102' title='bbox 90 1256 297 1316; x_wconf 83' lang='lat' dir='ltr'><strong>Ceter</strong></span> <span class='ocrx_word' id='word_1_103' title='bbox 344 1274 406 1313; x_wconf 88' lang='lat' dir='ltr'><strong>m</strong></span> <span class='ocrx_word' id='word_1_104' title='bbox 438 1259 559 1316; x_wconf 85' lang='lat' dir='ltr'><strong>tota</strong></span> <span class='ocrx_word' id='word_1_105' title='bbox 596 1257 821 1316; x_wconf 78' lang='lat' dir='ltr'><strong>invidia</strong></span> <span class='ocrx_word' id='word_1_106' title='bbox 864 1256 1197 1319; x_wconf 59' lang='lat' dir='ltr'><strong>tribunicias</strong></span> <span class='ocrx_word' id='word_1_107' title='bbox 1233 1258 1546 1350; x_wconf 87' lang='lat' dir='ltr'><strong>potestatis</strong></span> <span class='ocrx_word' id='word_1_108' title='bbox 1586 1277 1760 1318; x_wconf 83' lang='lat' dir='ltr'><strong>versa</strong></span> <span class='ocrx_word' id='word_1_109' title='bbox 1781 1259 1844 1318; x_wconf 90' lang='lat' dir='ltr'><strong>in</strong></span> <span class='ocrx_word' id='word_1_110' title='bbox 1872 1262 2072 1316; x_wconf 87' lang='lat' dir='ltr'><strong>aucto-</strong></span> 
     </span>
     <span class='ocr_line' id='line_1_15' title="bbox 84 1333 2070 1416; baseline -0.002 -21"><span class='ocrx_word' id='word_1_111' title='bbox 84 1353 230 1395; x_wconf 82' lang='lat' dir='ltr'><strong>rem</strong></span> <span class='ocrx_word' id='word_1_112' title='bbox 264 1339 398 1394; x_wconf 84' lang='lat' dir='ltr'><strong>est:</strong></span> <span class='ocrx_word' id='word_1_113' title='bbox 438 1354 551 1394; x_wconf 86' lang='lat' dir='ltr'><strong>nec</strong></span> <span class='ocrx_word' id='word_1_114' title='bbox 576 1334 635 1394; x_wconf 89' lang='lat' dir='ltr'><strong>in</strong></span> <span class='ocrx_word' id='word_1_115' title='bbox 664 1355 797 1395; x_wconf 86' lang='lat' dir='ltr'><strong>eum</strong></span> <span class='ocrx_word' id='word_1_116' title='bbox 823 1335 1103 1396; x_wconf 84' lang='lat' dir='ltr'><strong>consules</strong></span> <span class='ocrx_word' id='word_1_117' title='bbox 1128 1337 1350 1410; x_wconf 67' lang='lat' dir='ltr'><strong>acrius,</strong></span> <span class='ocrx_word' id='word_1_118' title='bbox 1375 1336 1555 1415; x_wconf 60' lang='lat' dir='ltr'><strong>quzim</strong></span> <span class='ocrx_word' id='word_1_119' title='bbox 1577 1335 1768 1416; x_wconf 88' lang='lat' dir='ltr'><strong>ipsius</strong></span> <span class='ocrx_word' id='word_1_120' title='bbox 1795 1338 1923 1416; x_wconf 80' lang='lat' dir='ltr'><strong>ejus</strong></span> <span class='ocrx_word' id='word_1_121' title='bbox 1949 1333 2070 1394; x_wconf 84' lang='lat' dir='ltr'><strong>col·</strong></span> 
     </span>
     <span class='ocr_line' id='line_1_16' title="bbox 84 1411 2070 1492; baseline -0.001 -20"><span class='ocrx_word' id='word_1_122' title='bbox 84 1413 281 1492; x_wconf 81' lang='lat' dir='ltr'><strong>legae,</strong></span> <span class='ocrx_word' id='word_1_123' title='bbox 308 1411 497 1472; x_wconf 77' lang='lat' dir='ltr'><strong>coorti</strong></span> <span class='ocrx_word' id='word_1_124' title='bbox 516 1418 659 1474; x_wconf 83' lang='lat' dir='ltr'><strong>sunt</strong></span> <span class='ocrx_word' id='word_1_125' title='bbox 683 1433 700 1471; x_wconf 73' lang='grc' dir='ltr'><em>ε</em></span> <span class='ocrx_word' id='word_1_126' title='bbox 743 1413 1077 1490; x_wconf 84' lang='lat' dir='ltr'><strong>auxilioque</strong></span> <span class='ocrx_word' id='word_1_127' title='bbox 1110 1433 1312 1474; x_wconf 83' lang='lat' dir='ltr'><strong>eorum</strong></span> <span class='ocrx_word' id='word_1_128' title='bbox 1337 1414 1635 1491; x_wconf 84' lang='lat' dir='ltr'><strong>delectum</strong></span> <span class='ocrx_word' id='word_1_129' title='bbox 1665 1414 1937 1475; x_wconf 85' lang='lat' dir='ltr'><strong>consules</strong></span> <span class='ocrx_word' id='word_1_130' title='bbox 1969 1411 2070 1472; x_wconf 86' lang='lat' dir='ltr'><strong>ha·</strong></span> 
     </span>
     <span class='ocr_line' id='line_1_17' title="bbox 80 1489 2067 1564; baseline -0.001 -13"><span class='ocrx_word' id='word_1_131' title='bbox 80 1491 265 1551; x_wconf 84' lang='lat' dir='ltr'><strong>bent.</strong></span> <span class='ocrx_word' id='word_1_132' title='bbox 353 1489 453 1564; x_wconf 74' lang='lat' dir='ltr'><strong>Ad</strong></span> <span class='ocrx_word' id='word_1_133' title='bbox 480 1489 599 1550; x_wconf 91' lang='lat' dir='ltr'><strong>duo</strong></span> <span class='ocrx_word' id='word_1_134' title='bbox 645 1490 821 1550; x_wconf 88' lang='lat' dir='ltr'><strong>simul</strong></span> <span class='ocrx_word' id='word_1_135' title='bbox 864 1490 1021 1549; x_wconf 85' lang='lat' dir='ltr'><strong>bella</strong></span> <span class='ocrx_word' id='word_1_136' title='bbox 1054 1493 1360 1550; x_wconf 79' lang='lat' dir='ltr'><strong>exercitus</strong></span> <span class='ocrx_word' id='word_1_137' title='bbox 1403 1492 1712 1562; x_wconf 71' lang='lat' dir='ltr'><strong>scribitur-3</strong></span> <span class='ocrx_word' id='word_1_138' title='bbox 1758 1489 2067 1551; x_wconf 75' lang='lat' dir='ltr'><strong>ducendus</strong></span> 
     </span>
     <span class='ocr_line' id='line_1_18' title="bbox 86 1567 2146 1658; baseline -0.001 -31"><span class='ocrx_word' id='word_1_139' title='bbox 86 1569 292 1629; x_wconf 79' lang='lat' dir='ltr'><strong>Fabio</strong></span> <span class='ocrx_word' id='word_1_140' title='bbox 312 1569 380 1627; x_wconf 90' lang='lat' dir='ltr'><strong>in</strong></span> <span class='ocrx_word' id='word_1_141' title='bbox 400 1569 481 1628; x_wconf 63' lang='grc' dir='ltr'><strong>ΖΕ</strong></span> <span class='ocrx_word' id='word_1_142' title='bbox 529 1588 650 1640; x_wconf 73' lang='lat' dir='ltr'><strong>uoS,</strong></span> <span class='ocrx_word' id='word_1_143' title='bbox 668 1569 726 1629; x_wconf 88' lang='lat' dir='ltr'><strong>in</strong></span> <span class='ocrx_word' id='word_1_144' title='bbox 740 1568 1025 1647; x_wconf 85' lang='lat' dir='ltr'><strong>Vejentes</strong></span> <span class='ocrx_word' id='word_1_145' title='bbox 1053 1567 1231 1628; x_wconf 82' lang='lat' dir='ltr'><strong>Furio</strong></span> <span class='ocrx_word' id='word_1_146' title='bbox 1257 1569 1451 1628; x_wconf 85' lang='lat' dir='ltr'><strong>datur.</strong></span> <span class='ocrx_word' id='word_1_147' title='bbox 1501 1568 1581 1626; x_wconf 85' lang='lat' dir='ltr'><strong>Et</strong></span> <span class='ocrx_word' id='word_1_148' title='bbox 1606 1567 1669 1626; x_wconf 87' lang='lat' dir='ltr'><strong>in</strong></span> <span class='ocrx_word' id='word_1_149' title='bbox 1701 1569 2068 1658; x_wconf 80' lang='lat' dir='ltr'><strong>Venjenibus</strong></span> <span class='ocrx_word' id='word_1_150' title='bbox 2127 1598 2146 1624; x_wconf 60' lang='lat' dir='ltr'>x</span> 
     </span>
     <span class='ocr_line' id='line_1_19' title="bbox 82 1643 2068 1728; baseline -0.003 -21"><span class='ocrx_word' id='word_1_151' title='bbox 82 1647 364 1726; x_wconf 79' lang='lat' dir='ltr'><strong>quidem</strong></span> <span class='ocrx_word' id='word_1_152' title='bbox 375 1646 488 1706; x_wconf 82' lang='lat' dir='ltr'><strong>nih·</strong></span> <span class='ocrx_word' id='word_1_153' title='bbox 547 1647 788 1728; x_wconf 82' lang='lat' dir='ltr'><strong>dignum</strong></span> <span class='ocrx_word' id='word_1_154' title='bbox 810 1643 1098 1706; x_wconf 72' lang='lat' dir='ltr'><strong>memori-a</strong></span> <span class='ocrx_word' id='word_1_155' title='bbox 1124 1653 1356 1727; x_wconf 84' lang='lat' dir='ltr'><strong>gestum</strong></span> <span class='ocrx_word' id='word_1_156' title='bbox 1379 1650 1494 1706; x_wconf 82' lang='lat' dir='ltr'><strong>est.</strong></span> <span class='ocrx_word' id='word_1_157' title='bbox 1529 1687 1534 1692; x_wconf 87' lang='lat'>-</span> <span class='ocrx_word' id='word_1_158' title='bbox 1565 1645 1744 1704; x_wconf 83' lang='lat' dir='ltr'><strong>Fabio</strong></span> <span class='ocrx_word' id='word_1_159' title='bbox 1765 1646 2068 1722; x_wconf 82' lang='lat' dir='ltr'><strong>aliquanto</strong></span> 
     </span>
     <span class='ocr_line' id='line_1_20' title="bbox 82 1721 2066 1806; baseline -0.002 -21"><span class='ocrx_word' id='word_1_160' title='bbox 82 1727 239 1806; x_wconf 87' lang='lat' dir='ltr'><strong>plus</strong></span> <span class='ocrx_word' id='word_1_161' title='bbox 264 1724 493 1804; x_wconf 77' lang='lat' dir='ltr'><strong>negot-ii</strong></span> <span class='ocrx_word' id='word_1_162' title='bbox 510 1745 643 1784; x_wconf 83' lang='lat' dir='ltr'><strong>cum</strong></span> <span class='ocrx_word' id='word_1_163' title='bbox 660 1725 905 1797; x_wconf 74' lang='lat' dir='ltr'><strong>civibu8‚</strong></span> <span class='ocrx_word' id='word_1_164' title='bbox 930 1724 1108 1804; x_wconf 60' lang='lat' dir='ltr'><strong>quam</strong></span> <span class='ocrx_word' id='word_1_165' title='bbox 1132 1745 1267 1785; x_wconf 88' lang='lat' dir='ltr'><strong>cum</strong></span> <span class='ocrx_word' id='word_1_166' title='bbox 1295 1723 1574 1793; x_wconf 87' lang='lat' dir='ltr'><strong>hostibus,</strong></span> <span class='ocrx_word' id='word_1_167' title='bbox 1588 1722 1701 1783; x_wconf 81' lang='lat' dir='ltr'><strong>suit</strong></span> <span class='ocrx_word' id='word_1_168' title='bbox 1723 1743 1742 1794; x_wconf 88' lang='lat'>;</span> <span class='ocrx_word' id='word_1_169' title='bbox 1789 1741 1942 1782; x_wconf 86' lang='lat' dir='ltr'><strong>unus</strong></span> <span class='ocrx_word' id='word_1_170' title='bbox 1963 1721 2066 1782; x_wconf 83' lang='lat' dir='ltr'><strong>ille</strong></span> 
     </span>
     <span class='ocr_line' id='line_1_21' title="bbox 82 1799 2066 1883; baseline -0.001 -21"><span class='ocrx_word' id='word_1_171' title='bbox 82 1804 185 1864; x_wconf 80' lang='lat' dir='ltr'><strong>vir</strong></span> <span class='ocrx_word' id='word_1_172' title='bbox 202 1803 351 1883; x_wconf 78' lang='lat' dir='ltr'><strong>ipse</strong></span> <span class='ocrx_word' id='word_1_173' title='bbox 390 1805 591 1862; x_wconf 84' lang='lat' dir='ltr'><strong>con-sul</strong></span> <span class='ocrx_word' id='word_1_174' title='bbox 632 1803 1048 1883; x_wconf 82' lang='lat' dir='ltr'><strong>rempublicam</strong></span> <span class='ocrx_word' id='word_1_175' title='bbox 1068 1803 1373 1874; x_wconf 79' lang='lat' dir='ltr'><strong>sustinuit,</strong></span> <span class='ocrx_word' id='word_1_176' title='bbox 1393 1821 1570 1880; x_wconf 87' lang='lat' dir='ltr'><strong>quam</strong></span> <span class='ocrx_word' id='word_1_177' title='bbox 1601 1801 1894 1863; x_wconf 83' lang='lat' dir='ltr'><strong>exercitus</strong></span> <span class='ocrx_word' id='word_1_178' title='bbox 1929 1799 2066 1862; x_wconf 85' lang='lat' dir='ltr'><strong>odio</strong></span> 
     </span>
     <span class='ocr_line' id='line_1_22' title="bbox 84 1879 2158 1962; baseline -0.002 -20"><span class='ocrx_word' id='word_1_179' title='bbox 84 1881 394 1950; x_wconf 84' lang='lat' dir='ltr'><strong>consulis,</strong></span> <span class='ocrx_word' id='word_1_180' title='bbox 408 1887 695 1960; x_wconf 83' lang='lat' dir='ltr'><strong>quantum</strong></span> <span class='ocrx_word' id='word_1_181' title='bbox 727 1882 881 1942; x_wconf 85' lang='lat' dir='ltr'><strong>in-se</strong></span> <span class='ocrx_word' id='word_1_182' title='bbox 907 1880 1038 1952; x_wconf 81' lang='lat' dir='ltr'><strong>fuit,</strong></span> <span class='ocrx_word' id='word_1_183' title='bbox 1066 1881 1364 1962; x_wconf 86' lang='lat' dir='ltr'><strong>prodebat.</strong></span> <span class='ocrx_word' id='word_1_184' title='bbox 1444 1880 1602 1941; x_wconf 88' lang='lat' dir='ltr'><strong>Nam</strong></span> <span class='ocrx_word' id='word_1_185' title='bbox 1631 1901 1808 1960; x_wconf 86' lang='lat' dir='ltr'><strong>quum</strong></span> <span class='ocrx_word' id='word_1_186' title='bbox 1837 1879 2068 1952; x_wconf 80' lang='lat' dir='ltr'><strong>consul,</strong></span> <span class='ocrx_word' id='word_1_187' title='bbox 2153 1946 2158 1952; x_wconf 48' lang='grc'><strong>,</strong></span> 
     </span>
    </p>

    <p class='ocr_par' dir='ltr' id='par_1_3' title="bbox 80 1959 2080 3212">
     <span class='ocr_line' id='line_1_23' title="bbox 122 1959 2062 2055; baseline -0.001 -35"><span class='ocrx_word' id='word_1_188' title='bbox 122 1967 329 2020; x_wconf 80' lang='lat' dir='ltr'><strong>roeter</strong></span> <span class='ocrx_word' id='word_1_189' title='bbox 352 1965 579 2021; x_wconf 82' lang='lat' dir='ltr'><strong>ceteras</strong></span> <span class='ocrx_word' id='word_1_190' title='bbox 600 1960 1001 2043; x_wconf 87' lang='lat' dir='ltr'><strong>imperatorias</strong></span> <span class='ocrx_word' id='word_1_191' title='bbox 1027 1966 1377 2042; x_wconf 75' lang='lat' dir='ltr'><strong>aites,·quas</strong></span> <span class='ocrx_word' id='word_1_192' title='bbox 1401 1959 1664 2055; x_wconf 83' lang='lat' dir='ltr'><strong>parando</strong></span> <span class='ocrx_word' id='word_1_193' title='bbox 1687 1959 2062 2043; x_wconf 81' lang='lat' dir='ltr'><strong>gerendoque</strong></span> 
     </span>
     <span class='ocr_line' id='line_1_24' title="bbox 160 2037 2060 2117; baseline 0 -18"><span class='ocrx_word' id='word_1_194' title='bbox 160 2040 259 2099; x_wconf 83' lang='lat' dir='ltr'><strong>no</strong></span> <span class='ocrx_word' id='word_1_195' title='bbox 286 2037 483 2099; x_wconf 87' lang='lat' dir='ltr'><strong>edidit</strong></span> <span class='ocrx_word' id='word_1_196' title='bbox 502 2040 803 2117; x_wconf 87' lang='lat' dir='ltr'><strong>plurimas,</strong></span> <span class='ocrx_word' id='word_1_197' title='bbox 826 2039 911 2099; x_wconf 87' lang='lat' dir='ltr'><strong>ita</strong></span> <span class='ocrx_word' id='word_1_198' title='bbox 934 2040 1313 2101; x_wconf 78' lang='lat' dir='ltr'><strong>instruxisset</strong></span> <span class='ocrx_word' id='word_1_199' title='bbox 1329 2060 1535 2109; x_wconf 77' lang='lat' dir='ltr'><strong>aciem,</strong></span> <span class='ocrx_word' id='word_1_200' title='bbox 1555 2046 1640 2112; x_wconf 89' lang='lat' dir='ltr'><strong>ut,</strong></span> <span class='ocrx_word' id='word_1_201' title='bbox 1655 2042 1826 2101; x_wconf 88' lang='lat' dir='ltr'><strong>soloe</strong></span> <span class='ocrx_word' id='word_1_202' title='bbox 1873 2037 2060 2095; x_wconf 75' lang='lat' dir='ltr'><strong>vitatu</strong></span> 
     </span>
     <span class='ocr_line' id='line_1_25' title="bbox 82 2116 2060 2195; baseline -0.005 -18"><span class='ocrx_word' id='word_1_203' title='bbox 82 2117 341 2185; x_wconf 80' lang='lat' dir='ltr'><strong>emisso,</strong></span> <span class='ocrx_word' id='word_1_204' title='bbox 363 2116 687 2177; x_wconf 86' lang='lat' dir='ltr'><strong>exercitum</strong></span> <span class='ocrx_word' id='word_1_205' title='bbox 712 2117 964 2177; x_wconf 87' lang='lat' dir='ltr'><strong>hostium</strong></span> <span class='ocrx_word' id='word_1_206' title='bbox 992 2116 1288 2189; x_wconf 80' lang='lat' dir='ltr'><strong>funderet,</strong></span> <span class='ocrx_word' id='word_1_207' title='bbox 1307 2118 1538 2195; x_wconf 85' lang='lat' dir='ltr'><strong>insequi</strong></span> <span class='ocrx_word' id='word_1_208' title='bbox 1564 2116 1728 2177; x_wconf 85' lang='lat' dir='ltr'><strong>fusos</strong></span> <span class='ocrx_word' id='word_1_209' title='bbox 1757 2135 1827 2193; x_wconf 89' lang='lat' dir='ltr'><strong>pe</strong></span> <span class='ocrx_word' id='word_1_210' title='bbox 1873 2133 1936 2170; x_wconf 79' lang='lat' dir='ltr'><strong>es</strong></span> <span class='ocrx_word' id='word_1_211' title='bbox 1959 2130 2060 2168; x_wconf 87' lang='lat' dir='ltr'><strong>no-</strong></span> 
     </span>
     <span class='ocr_line' id='line_1_26' title="bbox 84 2189 2064 2265; baseline -0.002 -12"><span class='ocrx_word' id='word_1_212' title='bbox 84 2194 211 2254; x_wconf 83' lang='lat' dir='ltr'><strong>luit</strong></span> <span class='ocrx_word' id='word_1_213' title='bbox 238 2214 261 2265; x_wconf 79' lang='lat'>3</span> <span class='ocrx_word' id='word_1_214' title='bbox 289 2214 405 2255; x_wconf 84' lang='lat' dir='ltr'><strong>nec.</strong></span> <span class='ocrx_word' id='word_1_215' title='bbox 426 2193 579 2264; x_wconf 83' lang='lat' dir='ltr'><strong>illos,</strong></span> <span class='ocrx_word' id='word_1_216' title='bbox 598 2203 661 2256; x_wconf 90' lang='lat' dir='ltr'><strong>et</strong></span> <span class='ocrx_word' id='word_1_217' title='bbox 688 2195 737 2255; x_wconf 82' lang='lat' dir='ltr'><strong>si</strong></span> <span class='ocrx_word' id='word_1_218' title='bbox 764 2216 881 2255; x_wconf 89' lang='lat' dir='ltr'><strong>non</strong></span> <span class='ocrx_word' id='word_1_219' title='bbox 908 2194 1238 2256; x_wconf 73' lang='lat' dir='ltr'><strong>adhortatio</strong></span> <span class='ocrx_word' id='word_1_220' title='bbox 1263 2196 1440 2255; x_wconf 83' lang='lat' dir='ltr'><strong>invisi</strong></span> <span class='ocrx_word' id='word_1_221' title='bbox 1455 2193 1648 2261; x_wconf 82' lang='lat' dir='ltr'><strong>ducis,</strong></span> <span class='ocrx_word' id='word_1_222' title='bbox 1669 2206 1836 2249; x_wconf 86' lang='lat' dir='ltr'><strong>suum</strong></span> <span class='ocrx_word' id='word_1_223' title='bbox 1852 2189 2064 2249; x_wconf 84' lang='lat' dir='ltr'><strong>saltem</strong></span> 
     </span>
     <span class='ocr_line' id='line_1_27' title="bbox 84 2263 2066 2363; baseline -0.003 -30"><span class='ocrx_word' id='word_1_224' title='bbox 84 2272 164 2335; x_wconf 78' lang='lat' dir='ltr'><strong>fla</strong></span> <span class='ocrx_word' id='word_1_225' title='bbox 227 2272 405 2331; x_wconf 76' lang='lat' dir='ltr'><strong>‘tium</strong></span> <span class='ocrx_word' id='word_1_226' title='bbox 428 2274 489 2332; x_wconf 90' lang='lat' dir='ltr'><strong>et</strong></span> <span class='ocrx_word' id='word_1_227' title='bbox 510 2274 802 2363; x_wconf 83' lang='lat' dir='ltr'><strong>publicum</strong></span> <span class='ocrx_word' id='word_1_228' title='bbox 828 2274 889 2332; x_wconf 90' lang='lat' dir='ltr'><strong>in</strong></span> <span class='ocrx_word' id='word_1_229' title='bbox 912 2272 1235 2351; x_wconf 73' lang='lat' dir='ltr'><strong>praesentia</strong></span> <span class='ocrx_word' id='word_1_230' title='bbox 1259 2271 1546 2337; x_wconf 67' lang='lat' dir='ltr'><strong>dedecus,</strong></span> <span class='ocrx_word' id='word_1_231' title='bbox 1580 2263 1888 2347; x_wconf 83' lang='lat' dir='ltr'><strong>postmodo</strong></span> <span class='ocrx_word' id='word_1_232' title='bbox 1913 2266 2066 2345; x_wconf 81' lang='lat' dir='ltr'><strong>peri-</strong></span> 
     </span>
     <span class='ocr_line' id='line_1_28' title="bbox 84 2344 2064 2441; baseline -0.004 -30"><span class='ocrx_word' id='word_1_233' title='bbox 84 2372 161 2411; x_wconf 87' lang='lat' dir='ltr'><strong>cu</strong></span> <span class='ocrx_word' id='word_1_234' title='bbox 194 2370 333 2423; x_wconf 88' lang='lat' dir='ltr'><strong>um,</strong></span> <span class='ocrx_word' id='word_1_235' title='bbox 360 2350 411 2408; x_wconf 87' lang='lat' dir='ltr'><strong>si</strong></span> <span class='ocrx_word' id='word_1_236' title='bbox 436 2368 667 2409; x_wconf 81' lang='lat' dir='ltr'><strong>animus</strong></span> <span class='ocrx_word' id='word_1_237' title='bbox 693 2350 845 2409; x_wconf 78' lang='lat' dir='ltr'><strong>hosti</strong></span> <span class='ocrx_word' id='word_1_238' title='bbox 868 2348 1144 2419; x_wconf 82' lang='lat' dir='ltr'><strong>redisset,</strong></span> <span class='ocrx_word' id='word_1_239' title='bbox 1166 2368 1373 2428; x_wconf 85' lang='lat' dir='ltr'><strong>cogere</strong></span> <span class='ocrx_word' id='word_1_240' title='bbox 1397 2346 1584 2428; x_wconf 83' lang='lat' dir='ltr'><strong>potuit</strong></span> <span class='ocrx_word' id='word_1_241' title='bbox 1603 2345 1848 2441; x_wconf 72' lang='lat' dir='ltr'><strong>gradum</strong></span> <span class='ocrx_word' id='word_1_242' title='bbox 1872 2344 2064 2404; x_wconf 87' lang='lat' dir='ltr'><strong>accel—</strong></span> 
     </span>
     <span class='ocr_line' id='line_1_29' title="bbox 84 2425 2062 2507; baseline -0.003 -17"><span class='ocrx_word' id='word_1_243' title='bbox 84 2448 273 2491; x_wconf 75' lang='lat' dir='ltr'><strong>erare</strong></span> <span class='ocrx_word' id='word_1_244' title='bbox 292 2448 313 2499; x_wconf 79' lang='lat'>3</span> <span class='ocrx_word' id='word_1_245' title='bbox 333 2434 437 2493; x_wconf 85' lang='lat' dir='ltr'><strong>aut</strong></span> <span class='ocrx_word' id='word_1_246' title='bbox 458 2428 526 2498; x_wconf 90' lang='lat' dir='ltr'><strong>si,</strong></span> <span class='ocrx_word' id='word_1_247' title='bbox 548 2427 709 2491; x_wconf 80' lang='lat' dir='ltr'><strong>aliud</strong></span> <span class='ocrx_word' id='word_1_248' title='bbox 730 2427 894 2497; x_wconf 86' lang='lat' dir='ltr'><strong>nihil,</strong></span> <span class='ocrx_word' id='word_1_249' title='bbox 911 2426 1136 2487; x_wconf 85' lang='lat' dir='ltr'><strong>instare</strong></span> <span class='ocrx_word' id='word_1_250' title='bbox 1151 2427 1492 2488; x_wconf 81' lang='lat' dir='ltr'><strong>instructos.</strong></span> <span class='ocrx_word' id='word_1_251' title='bbox 1533 2426 1764 2507; x_wconf 79' lang='lat' dir='ltr'><strong>anussu</strong></span> <span class='ocrx_word' id='word_1_252' title='bbox 1789 2425 1956 2505; x_wconf 85' lang='lat' dir='ltr'><strong>signa</strong></span> <span class='ocrx_word' id='word_1_253' title='bbox 1973 2444 2062 2485; x_wconf 86' lang='lat' dir='ltr'><strong>re·</strong></span> 
     </span>
     <span class='ocr_line' id='line_1_30' title="bbox 83 2503 2062 2587; baseline -0.004 -20"><span class='ocrx_word' id='word_1_254' title='bbox 83 2508 329 2576; x_wconf 80' lang='lat' dir='ltr'><strong>ferunt,</strong></span> <span class='ocrx_word' id='word_1_255' title='bbox 358 2506 691 2585; x_wconf 87' lang='lat' dir='ltr'><strong>moestique,</strong></span> <span class='ocrx_word' id='word_1_256' title='bbox 715 2504 1014 2587; x_wconf 83' lang='lat' dir='ltr'><strong>(crederes</strong></span> <span class='ocrx_word' id='word_1_257' title='bbox 1036 2505 1268 2586; x_wconf 82' lang='lat' dir='ltr'><strong>victos,)</strong></span> <span class='ocrx_word' id='word_1_258' title='bbox 1297 2514 1672 2567; x_wconf 81' lang='lat' dir='ltr'><strong>exsecrantes</strong></span> <span class='ocrx_word' id='word_1_259' title='bbox 1694 2523 1852 2565; x_wconf 87' lang='lat' dir='ltr'><strong>nunc</strong></span> <span class='ocrx_word' id='word_1_260' title='bbox 1878 2503 2062 2580; x_wconf 82' lang='lat' dir='ltr'><strong>impe-</strong></span> 
     </span>
     <span class='ocr_line' id='line_1_31' title="bbox 81 2582 2080 2665; baseline -0.004 -20"><span class='ocrx_word' id='word_1_261' title='bbox 81 2594 381 2654; x_wconf 86' lang='lat' dir='ltr'><strong>ratorem,</strong></span> <span class='ocrx_word' id='word_1_262' title='bbox 396 2604 555 2644; x_wconf 83' lang='lat' dir='ltr'><strong>nunc</strong></span> <span class='ocrx_word' id='word_1_263' title='bbox 586 2591 855 2645; x_wconf 85' lang='lat' dir='ltr'><strong>navatam</strong></span> <span class='ocrx_word' id='word_1_264' title='bbox 880 2586 955 2645; x_wconf 87' lang='lat' dir='ltr'><strong>ab</strong></span> <span class='ocrx_word' id='word_1_265' title='bbox 982 2584 1183 2665; x_wconf 86' lang='lat' dir='ltr'><strong>equite</strong></span> <span class='ocrx_word' id='word_1_266' title='bbox 1209 2604 1468 2665; x_wconf 84' lang='lat' dir='ltr'><strong>operam,</strong></span> <span class='ocrx_word' id='word_1_267' title='bbox 1489 2585 1742 2643; x_wconf 87' lang='lat' dir='ltr'><strong>redeunt</strong></span> <span class='ocrx_word' id='word_1_268' title='bbox 1757 2582 1820 2642; x_wconf 84' lang='lat' dir='ltr'><strong>in</strong></span> <span class='ocrx_word' id='word_1_269' title='bbox 1845 2584 2080 2639; x_wconf 76' lang='lat' dir='ltr'><strong>castra.·</strong></span> 
     </span>
     <span class='ocr_line' id='line_1_32' title="bbox 80 2660 2056 2742; baseline -0.004 -18"><span class='ocrx_word' id='word_1_270' title='bbox 80 2664 235 2724; x_wconf 87' lang='lat' dir='ltr'><strong>Nec</strong></span> <span class='ocrx_word' id='word_1_271' title='bbox 254 2662 395 2723; x_wconf 86' lang='lat' dir='ltr'><strong>huic</strong></span> <span class='ocrx_word' id='word_1_272' title='bbox 420 2670 585 2742; x_wconf 72' lang='lat' dir='ltr'><strong>tamp</strong></span> <span class='ocrx_word' id='word_1_273' title='bbox 611 2664 871 2723; x_wconf 67' lang='lat' dir='ltr'><strong>estiienti</strong></span> <span class='ocrx_word' id='word_1_274' title='bbox 894 2664 1164 2741; x_wconf 86' lang='lat' dir='ltr'><strong>exemplo</strong></span> <span class='ocrx_word' id='word_1_275' title='bbox 1185 2662 1444 2723; x_wconf 85' lang='lat' dir='ltr'><strong>remedia</strong></span> <span class='ocrx_word' id='word_1_276' title='bbox 1463 2662 1586 2720; x_wconf 89' lang='lat' dir='ltr'><strong>ulla</strong></span> <span class='ocrx_word' id='word_1_277' title='bbox 1607 2662 1678 2717; x_wconf 86' lang='lat' dir='ltr'><strong>ab</strong></span> <span class='ocrx_word' id='word_1_278' title='bbox 1702 2660 2056 2736; x_wconf 78' lang='lat' dir='ltr'><strong>imperatore</strong></span> 
     </span>
     <span class='ocr_line' id='line_1_33' title="bbox 86 2734 2062 2823; baseline -0.004 -22"><span class='ocrx_word' id='word_1_279' title='bbox 86 2742 367 2823; x_wconf 76' lang='lat' dir='ltr'><strong>quaesita</strong></span> <span class='ocrx_word' id='word_1_280' title='bbox 386 2748 525 2801; x_wconf 89' lang='lat' dir='ltr'><strong>sunt</strong></span> <span class='ocrx_word' id='word_1_281' title='bbox 543 2762 560 2812; x_wconf 90' lang='lat'>;</span> <span class='ocrx_word' id='word_1_282' title='bbox 587 2741 735 2801; x_wconf 69' lang='lat' dir='ltr'><strong>adeo</strong></span> <span class='ocrx_word' id='word_1_283' title='bbox 754 2741 1182 2801; x_wconf 84' lang='lat' dir='ltr'><strong>excellentibus</strong></span> <span class='ocrx_word' id='word_1_284' title='bbox 1201 2738 1450 2817; x_wconf 78' lang='lat' dir='ltr'><strong>ingeniis</strong></span> <span class='ocrx_word' id='word_1_285' title='bbox 1471 2736 1650 2794; x_wconf 70' lang='lat' dir='ltr'><strong>citius</strong></span> <span class='ocrx_word' id='word_1_286' title='bbox 1667 2734 1920 2793; x_wconf 70' lang='lat' dir='ltr'><strong>defuerit</strong></span> <span class='ocrx_word' id='word_1_287' title='bbox 1945 2754 2062 2803; x_wconf 82' lang='lat' dir='ltr'><strong>ars,</strong></span> 
     </span>
     <span class='ocr_line' id='line_1_34' title="bbox 85 2810 2058 2906; baseline -0.007 -25"><span class='ocrx_word' id='word_1_288' title='bbox 85 2827 221 2901; x_wconf 64' lang='lat' dir='ltr'><strong>qua</strong></span> <span class='ocrx_word' id='word_1_289' title='bbox 254 2819 447 2879; x_wconf 73' lang='lat' dir='ltr'><strong>civem</strong></span> <span class='ocrx_word' id='word_1_290' title='bbox 471 2827 693 2899; x_wconf 81' lang='lat' dir='ltr'><strong>regant,</strong></span> <span class='ocrx_word' id='word_1_291' title='bbox 714 2816 889 2896; x_wconf 61' lang='lat' dir='ltr'><strong>quam</strong></span> <span class='ocrx_word' id='word_1_292' title='bbox 912 2822 1031 2906; x_wconf 64' lang='lat' dir='ltr'><strong>qua</strong></span> <span class='ocrx_word' id='word_1_293' title='bbox 1054 2817 1279 2875; x_wconf 85' lang='lat' dir='ltr'><strong>hostem</strong></span> <span class='ocrx_word' id='word_1_294' title='bbox 1313 2817 1608 2891; x_wconf 85' lang='lat' dir='ltr'><strong>superent.</strong></span> <span class='ocrx_word' id='word_1_295' title='bbox 1647 2887 1659 2901; x_wconf 48' lang='lat'><strong>·</strong></span> <span class='ocrx_word' id='word_1_296' title='bbox 1687 2810 1910 2899; x_wconf 69' lang='lat' dir='ltr'><strong>Consul</strong></span> <span class='ocrx_word' id='word_1_297' title='bbox 1948 2811 2058 2867; x_wconf 77' lang='lat' dir='ltr'><strong>Ro-</strong></span> 
     </span>
     <span class='ocr_line' id='line_1_35' title="bbox 84 2890 2056 2970; baseline -0.007 -10"><span class='ocrx_word' id='word_1_298' title='bbox 84 2918 261 2960; x_wconf 85' lang='lat' dir='ltr'><strong>mam</strong></span> <span class='ocrx_word' id='word_1_299' title='bbox 289 2895 485 2967; x_wconf 80' lang='lat' dir='ltr'><strong>rediit,</strong></span> <span class='ocrx_word' id='word_1_300' title='bbox 512 2916 629 2956; x_wconf 84' lang='lat' dir='ltr'><strong>non</strong></span> <span class='ocrx_word' id='word_1_301' title='bbox 668 2905 789 2957; x_wconf 89' lang='lat' dir='ltr'><strong>tam</strong></span> <span class='ocrx_word' id='word_1_302' title='bbox 814 2895 955 2955; x_wconf 86' lang='lat' dir='ltr'><strong>belh</strong></span> <span class='ocrx_word' id='word_1_303' title='bbox 983 2894 1172 2965; x_wconf 66' lang='lat' dir='ltr'><strong>gloria</strong></span> <span class='ocrx_word' id='word_1_304' title='bbox 1219 2897 1415 2963; x_wconf 69' lang='lat' dir='ltr'><strong>auct-21,</strong></span> <span class='ocrx_word' id='word_1_305' title='bbox 1440 2890 1617 2970; x_wconf 54' lang='lat' dir='ltr'><strong>quim</strong></span> <span class='ocrx_word' id='word_1_306' title='bbox 1644 2894 1876 2948; x_wconf 76' lang='lat' dir='ltr'><strong>irritato</strong></span> <span class='ocrx_word' id='word_1_307' title='bbox 1922 2906 2056 2947; x_wconf 85' lang='lat' dir='ltr'><strong>exa-</strong></span> 
     </span>
     <span class='ocr_line' id='line_1_36' title="bbox 89 2967 2056 3053; baseline -0.007 -16"><span class='ocrx_word' id='word_1_308' title='bbox 89 2979 461 3053; x_wconf 84' lang='lat' dir='ltr'><strong>cerbatoque</strong></span> <span class='ocrx_word' id='word_1_309' title='bbox 484 2975 545 3035; x_wconf 89' lang='lat' dir='ltr'><strong>in</strong></span> <span class='ocrx_word' id='word_1_310' title='bbox 575 2996 637 3035; x_wconf 89' lang='lat' dir='ltr'><strong>se</strong></span> <span class='ocrx_word' id='word_1_311' title='bbox 665 2974 915 3033; x_wconf 88' lang='lat' dir='ltr'><strong>militum</strong></span> <span class='ocrx_word' id='word_1_312' title='bbox 944 2969 1097 3034; x_wconf 78' lang='lat' dir='ltr'><strong>odio.</strong></span> <span class='ocrx_word' id='word_1_313' title='bbox 1177 2970 1494 3032; x_wconf 81' lang='lat' dir='ltr'><strong>obtinuere</strong></span> <span class='ocrx_word' id='word_1_314' title='bbox 1523 2972 1720 3027; x_wconf 82' lang='lat' dir='ltr'><strong>tam&#39;en</strong></span> <span class='ocrx_word' id='word_1_315' title='bbox 1745 2967 1967 3035; x_wconf 76' lang='lat' dir='ltr'><strong>Patres,</strong></span> <span class='ocrx_word' id='word_1_316' title='bbox 1989 2970 2056 3024; x_wconf 87' lang='lat' dir='ltr'><strong>ut</strong></span> 
     </span>
     <span class='ocr_line' id='line_1_37' title="bbox 86 3044 2054 3117; baseline -0.007 0"><span class='ocrx_word' id='word_1_317' title='bbox 86 3055 155 3117; x_wconf 82' lang='lat' dir='ltr'><strong>in</strong></span> <span class='ocrx_word' id='word_1_318' title='bbox 186 3054 375 3115; x_wconf 76' lang='lat' dir='ltr'><strong>Fabia</strong></span> <span class='ocrx_word' id='word_1_319' title='bbox 448 3058 585 3113; x_wconf 72' lang='lat' dir='ltr'><strong>ente</strong></span> <span class='ocrx_word' id='word_1_320' title='bbox 611 3054 953 3115; x_wconf 82' lang='lat' dir='ltr'><strong>consulatus</strong></span> <span class='ocrx_word' id='word_1_321' title='bbox 992 3059 1272 3113; x_wconf 83' lang='lat' dir='ltr'><strong>maneret.</strong></span> <span class='ocrx_word' id='word_1_322' title='bbox 1371 3048 1458 3109; x_wconf 90' lang='lat' dir='ltr'><strong>M.</strong></span> <span class='ocrx_word' id='word_1_323' title='bbox 1485 3048 1728 3107; x_wconf 87' lang='lat' dir='ltr'><strong>Fabium</strong></span> <span class='ocrx_word' id='word_1_324' title='bbox 1753 3044 2054 3106; x_wconf 78' lang='lat' dir='ltr'><strong>consulem</strong></span> 
     </span>
     <span class='ocr_line' id='line_1_38' title="bbox 88 3128 1470 3212; baseline -0.006 -18"><span class='ocrx_word' id='word_1_325' title='bbox 88 3138 311 3194; x_wconf 82' lang='lat' dir='ltr'><strong>creant</strong></span> <span class='ocrx_word' id='word_1_326' title='bbox 337 3153 353 3191; x_wconf 73' lang='grc' dir='ltr'><em>ε</em></span> <span class='ocrx_word' id='word_1_327' title='bbox 444 3131 573 3191; x_wconf 86' lang='lat' dir='ltr'><strong>abio</strong></span> <span class='ocrx_word' id='word_1_328' title='bbox 599 3132 827 3212; x_wconf 85' lang='lat' dir='ltr'><strong>collega</strong></span> <span class='ocrx_word' id='word_1_329' title='bbox 854 3132 963 3192; x_wconf 87' lang='lat' dir='ltr'><strong>Cn.</strong></span> <span class='ocrx_word' id='word_1_330' title='bbox 988 3131 1252 3190; x_wconf 83' lang='lat' dir='ltr'><strong>Manlius</strong></span> <span class='ocrx_word' id='word_1_331' title='bbox 1279 3128 1470 3195; x_wconf 77' lang='lat' dir='ltr'><strong>datur.</strong></span> 
     </span>
    </p>

    <p class='ocr_par' dir='ltr' id='par_1_4' title="bbox 87 3201 2089 3687">
     <span class='ocr_line' id='line_1_39' title="bbox 178 3201 2067 3283; baseline -0.005 -12"><span class='ocrx_word' id='word_1_332' title='bbox 178 3210 409 3271; x_wconf 81' lang='lat' dir='ltr'><strong>XLIV.</strong></span> <span class='ocrx_word' id='word_1_333' title='bbox 446 3210 527 3268; x_wconf 85' lang='lat' dir='ltr'><strong>Et</strong></span> <span class='ocrx_word' id='word_1_334' title='bbox 550 3209 641 3267; x_wconf 85' lang='lat' dir='ltr'><strong>hic</strong></span> <span class='ocrx_word' id='word_1_335' title='bbox 671 3230 858 3270; x_wconf 87' lang='lat' dir='ltr'><strong>annus</strong></span> <span class='ocrx_word' id='word_1_336' title='bbox 884 3211 1182 3269; x_wconf 80' lang='lat' dir='ltr'><strong>tribunum</strong></span> <span class='ocrx_word' id='word_1_337' title='bbox 1202 3212 1497 3267; x_wconf 87' lang='lat' dir='ltr'><strong>auctorem</strong></span> <span class='ocrx_word' id='word_1_338' title='bbox 1523 3204 1672 3283; x_wconf 83' lang='lat' dir='ltr'><strong>legis</strong></span> <span class='ocrx_word' id='word_1_339' title='bbox 1695 3201 1936 3283; x_wconf 70' lang='lat' dir='ltr'><strong>agrariae</strong></span> <span class='ocrx_word' id='word_1_340' title='bbox 1954 3202 2067 3263; x_wconf 83' lang='lat' dir='ltr'><strong>ha-&#39;</strong></span> 
     </span>
     <span class='ocr_line' id='line_1_40' title="bbox 87 3281 2052 3360; baseline -0.005 -8"><span class='ocrx_word' id='word_1_341' title='bbox 87 3291 245 3351; x_wconf 83' lang='lat' dir='ltr'><strong>buit.</strong></span> <span class='ocrx_word' id='word_1_342' title='bbox 351 3288 449 3346; x_wconf 89' lang='lat' dir='ltr'><strong>Ti.</strong></span> <span class='ocrx_word' id='word_1_343' title='bbox 483 3286 819 3349; x_wconf 80' lang='lat' dir='ltr'><strong>Pontificius</strong></span> <span class='ocrx_word' id='word_1_344' title='bbox 848 3287 959 3347; x_wconf 80' lang='lat' dir='ltr'><strong>fuit</strong></span> <span class='ocrx_word' id='word_1_345' title='bbox 985 3308 1003 3358; x_wconf 81' lang='lat'>3</span> <span class='ocrx_word' id='word_1_346' title='bbox 1058 3287 1131 3359; x_wconf 80' lang='lat' dir='ltr'><strong>iS,</strong></span> <span class='ocrx_word' id='word_1_347' title='bbox 1158 3283 1408 3347; x_wconf 80' lang='lat' dir='ltr'><strong>eandem</strong></span> <span class='ocrx_word' id='word_1_348' title='bbox 1433 3281 1606 3352; x_wconf 84' lang='lat' dir='ltr'><strong>viam,</strong></span> <span class='ocrx_word' id='word_1_349' title='bbox 1631 3282 1794 3341; x_wconf 84' lang='lat' dir='ltr'><strong>velut</strong></span> <span class='ocrx_word' id='word_1_350' title='bbox 1820 3300 2052 3360; x_wconf 86' lang='lat' dir='ltr'><strong>proces·</strong></span> 
     </span>
     <span class='ocr_line' id='line_1_41' title="bbox 91 3358 2054 3446; baseline -0.005 -16"><span class='ocrx_word' id='word_1_351' title='bbox 91 3370 283 3429; x_wconf 85' lang='lat' dir='ltr'><strong>sisset</strong></span> <span class='ocrx_word' id='word_1_352' title='bbox 310 3366 411 3446; x_wconf 88' lang='lat' dir='ltr'><strong>Sp.</strong></span> <span class='ocrx_word' id='word_1_353' title='bbox 447 3365 707 3435; x_wconf 88' lang='lat' dir='ltr'><strong>Licinio,</strong></span> <span class='ocrx_word' id='word_1_354' title='bbox 740 3364 1052 3444; x_wconf 59' lang='lat' dir='ltr'><strong>ingressus,</strong></span> <span class='ocrx_word' id='word_1_355' title='bbox 1098 3365 1395 3424; x_wconf 71' lang='lat' dir='ltr'><strong>delectum</strong></span> <span class='ocrx_word' id='word_1_356' title='bbox 1449 3362 1633 3441; x_wconf 77' lang='lat' dir='ltr'><strong>paulis</strong></span> <span class='ocrx_word' id='word_1_357' title='bbox 1677 3380 1741 3420; x_wconf 88' lang='lat' dir='ltr'><strong>er</strong></span> <span class='ocrx_word' id='word_1_358' title='bbox 1767 3358 2054 3440; x_wconf 80' lang='lat' dir='ltr'><strong>impediit.</strong></span> 
     </span>
     <span class='ocr_line' id='line_1_42' title="bbox 92 3438 2089 3522; baseline -0.005 -15"><span class='ocrx_word' id='word_1_359' title='bbox 92 3444 473 3507; x_wconf 86' lang='lat' dir='ltr'><strong>Perturbatis</strong></span> <span class='ocrx_word' id='word_1_360' title='bbox 513 3443 723 3503; x_wconf 88' lang='lat' dir='ltr'><strong>iterum</strong></span> <span class='ocrx_word' id='word_1_361' title='bbox 752 3444 1041 3514; x_wconf 82' lang='lat' dir='ltr'><strong>Patribus,</strong></span> <span class='ocrx_word' id='word_1_362' title='bbox 1088 3446 1196 3522; x_wconf 81' lang='lat' dir='ltr'><strong>Ap.</strong></span> <span class='ocrx_word' id='word_1_363' title='bbox 1222 3440 1526 3511; x_wconf 81' lang='lat' dir='ltr'><strong>ClaudiuS,</strong></span> <span class='ocrx_word' id='word_1_364' title='bbox 1563 3448 1598 3474; x_wconf 79' lang='lat'><strong>‘⁸</strong></span> <span class='ocrx_word' id='word_1_365' title='bbox 1668 3440 1846 3499; x_wconf 84' lang='lat' dir='ltr'><strong>ictam</strong></span> <span class='ocrx_word' id='word_1_366' title='bbox 1873 3438 2052 3497; x_wconf 79' lang='lat' dir='ltr'><strong>tribu-</strong></span> <span class='ocrx_word' id='word_1_367' title='bbox 2085 3472 2089 3479; x_wconf 93' lang='lat'>-</span> 
     </span>
     <span class='ocr_line' id='line_1_43' title="bbox 94 3516 2046 3601; baseline -0.007 -16"><span class='ocrx_word' id='word_1_368' title='bbox 94 3523 325 3585; x_wconf 79' lang='lat' dir='ltr'><strong>niciam</strong></span> <span class='ocrx_word' id='word_1_369' title='bbox 359 3526 763 3601; x_wconf 82' lang='lat' dir='ltr'><strong>potestatem,”</strong></span> <span class='ocrx_word' id='word_1_370' title='bbox 789 3520 1004 3585; x_wconf 87' lang='lat' dir='ltr'><strong>dicere.</strong></span> <span class='ocrx_word' id='word_1_371' title='bbox 1030 3528 1063 3560; x_wconf 82' lang='lat'><strong>‘⁴</strong></span> <span class='ocrx_word' id='word_1_372' title='bbox 1084 3521 1276 3600; x_wconf 85' lang='lat' dir='ltr'><strong>priore</strong></span> <span class='ocrx_word' id='word_1_373' title='bbox 1317 3538 1510 3588; x_wconf 88' lang='lat' dir='ltr'><strong>anno;</strong></span> <span class='ocrx_word' id='word_1_374' title='bbox 1546 3518 1606 3576; x_wconf 87' lang='lat' dir='ltr'><strong>in</strong></span> <span class='ocrx_word' id='word_1_375' title='bbox 1637 3516 1956 3597; x_wconf 70' lang='lat' dir='ltr'><strong>praesentia</strong></span> <span class='ocrx_word' id='word_1_376' title='bbox 1983 3534 2046 3573; x_wconf 87' lang='lat' dir='ltr'><strong>re</strong></span> 
     </span>
     <span class='ocr_line' id='line_1_44' title="bbox 96 3590 2048 3687; baseline -0.009 -23"><span class='ocrx_word' id='word_1_377' title='bbox 96 3603 263 3685; x_wconf 67' lang='lat' dir='ltr'><strong>ipsa,</strong></span> <span class='ocrx_word' id='word_1_378' title='bbox 292 3600 563 3685; x_wconf 82' lang='lat' dir='ltr'><strong>exemplo</strong></span> <span class='ocrx_word' id='word_1_379' title='bbox 582 3598 645 3660; x_wconf 88' lang='lat' dir='ltr'><strong>in</strong></span> <span class='ocrx_word' id='word_1_380' title='bbox 672 3604 1019 3687; x_wconf 83' lang='lat' dir='ltr'><strong>perpetuum</strong></span> <span class='ocrx_word' id='word_1_381' title='bbox 1046 3618 1061 3657; x_wconf 73' lang='grc' dir='ltr'><strong>ε</strong></span> <span class='ocrx_word' id='word_1_382' title='bbox 1104 3598 1342 3683; x_wconf 84' lang='lat' dir='ltr'><strong>quando</strong></span> <span class='ocrx_word' id='word_1_383' title='bbox 1366 3598 1672 3659; x_wconf 87' lang='lat' dir='ltr'><strong>inventum</strong></span> <span class='ocrx_word' id='word_1_384' title='bbox 1699 3594 1806 3665; x_wconf 83' lang='lat' dir='ltr'><strong>sit,·</strong></span> <span class='ocrx_word' id='word_1_385' title='bbox 1827 3590 2048 3669; x_wconf 82' lang='lat' dir='ltr'><strong>suisip-</strong></span> 
     </span>
    </p>
   </div>
  </div>
 </body>
</html>
