2267 4000
27 3748 52 3763 b

223 213 346 270 2212
823 288 834 296 μ
883 236 895 243 -
1033 199 1114 262 T.
1154 194 1383 260 mvn.

223 364 394 426 liscis
433 369 496 427 et
519 361 922 442 Capenatibus
949 359 1120 438 signa
1146 357 1393 416 confert.
1470 350 1684 413 Omnia
1724 348 1805 410 ibi
1830 350 2067 410 summa
2092 368 2173 408 ra-

223 445 388 504 tione
413 441 776 521 consilioque
813 445 948 498 acta
973 438 1211 496 fortuna
1237 435 1434 504 etiam,
1460 438 1528 492 ut
1553 432 1640 501 fit,
1659 433 1866 490 secuta
1889 432 2023 518 est-x
2066 447 2175 486 non

221 525 438 604 proelio
463 517 696 588 tantum
725 517 882 577 fudit
910 518 1130 586 hoste5‚
1158 515 1265 574 sed
1293 511 1501 573 castris
1522 527 1757 590 quoque
1774 511 1956 574 exuit,
1980 525 2176 586 ingen-

223 602 390 681 tique
414 599 621 678 praed-21
648 605 742 659 est
767 595 1035 674 potitus-‚3
1075 595 1244 672 cujus
1272 611 1407 674 pars
1433 589 1688 663 maxima
1713 585 1789 646 ad
1816 589 2173 664 quaestorem

223 681 470 740 redacta
495 683 586 737 est
609 699 636 736 :-
665 675 819 737 haud
862 675 946 735 ita
971 674 1221 734 multum
1266 669 1439 730 militi
1480 668 1704 728 datum.
1778 661 1933 724 Inde
1960 663 2038 722 ad
2064 663 2176 723 Ve-

217 761 316 835 jos
341 756 638 816 exercitus
665 754 906 826 ductus,
945 752 1336 828 densioraque
1364 747 1615 808 castella·
1634 788 1639 791 -
1660 744 1864 816 facta3
1900 750 1967 804 et
1993 741 2026 801 εἴ
2050 761 2177 878 pro·

225 834 678 905 cursationibuS,
701 855 839 914 quae
885 833 1090 892 multae
1136 829 1358 890 temere
1383 827 1542 887 inter
1582 843 1815 886 murum
1848 835 1935 882 ‘ac
1964 821 2175 881 valum

225 915 468 981 fiebant,
513 915 733 986 edictu,
777 935 852 973 ne
899 911 1031 990 quis
1076 911 1305 990 injussu
1353 911 1662 1004 pugnaret,
1687 902 1761 962 ad
1791 921 1941 980 opus
1968 899 2178 990 milites

223 991 507 1052 traducti.
587 993 846 1070 Operum
873 989 990 1048 suit
1015 989 1273 1048 omnium
1300 986 1477 1073 louge
1500 982 1815 1042 maximum
1846 999 1917 1038 ac
1946 979 2179 1036 laborm-

225 1071 545 1138 sissimum,
592 1071 900 1129 cuniculus
927 1067 990 1126 in
1033 1066 1229 1128 arcem
1276 1064 1533 1124 hostium
1580 1059 1669 1139 agi
1714 1063 1987 1139 coeptus3
2028 1055 2178 1134 quod

225 1168 305 1210 ne
347 1146 838 1206 intermitteretur
863 1164 1031 1221 opuS,
1055 1164 1169 1204 neu
1215 1145 1323 1203 sub
1348 1148 1507 1202 terra
1533 1136 1845 1198 continuus
1872 1135 2039 1194 labor
2062 1153 2180 1194 eos-

227 1226 367 1286 dem
394 1224 728 1293 conficcret,
753 1225 812 1282 in
850 1226 1049 1299 partes
1077 1241 1181 1280 sex
1222 1219 1580 1280 munitorum
1608 1212 2177 1275 numerum'divisit:

227 1323 392 1364 senae
441 1304 599 1362 horae
640 1302 704 1360 in
747 1303 943 1360 orbem
985 1297 1153 1380 operi
1190 1299 1491 1372 attributae
1542 1300 1712 1354 suntz
1754 1297 1929 1352 nocte
1972 1312 2042 1352 ac
2088 1291 2177 1350 die

229 1401 352 1442 nun
399 1387 532 1438 uam
559 1379 696 1440 ante
717 1381 1016 1446 omissum,
1041 1375 1222 1456 quam
1248 1375 1312 1434 in
1330 1393 1527 1435 arcem
1552 1373 1711 1433 viam
1740 1370 2024 1431 facerent.

307 1461 363 1526 X
423 1465 448 1515 ³
485 1458 772 1528 Dictator,
799 1473 980 1536 quum
1016 1459 1139 1538 jam
1184 1459 1246 1515 in
1294 1455 1561 1514 manibus
1607 1450 1841 1510 videret
1880 1449 2179 1512 victoriam
2237 1515 2238 1522 χ

212 1557 380 1605 esse,
404 1537 606 1595 urbem
655 1533 1163 1616 opulentissimam
1208 1533 1357 1614 capi,
1396 1538 1747 1608 tantumque
1788 1529 2019 1608 praedae
2044 1529 2182 1603 fore,

225 1619 512 1694 quantum
541 1633 659 1674 non
687 1614 958 1674 omnibus
984 1612 1047 1673 in
1091 1633 1275 1672 unum
1318 1609 1553 1670 collatis
1580 1609 1717 1668 ante
1744 1606 1921 1666 bellis
1948 1607 2179 1680 fuisset,-

225 1713 306 1753 ne
333 1697 506 1771 quain
537 1693 674 1752 inde
703 1699 808 1754 aut
851 1689 1107 1751 militum
1133 1691 1279 1750 iram
1307 1709 1382 1748 ex
1410 1687 1775 1768 malignitate
1801 1685 2034 1764 praedae
2062 1705 2181 1765 par-

225 1771 380 1839 titae,
405 1778 508 1830 aut
535 1771 817 1830 invidiam
844 1768 1001 1848 apud
1030 1771 1238 1830 Patres
1266 1787 1341 1829 ex
1384 1765 1651 1859 prodigia
1676 1763 1993 1843 largitione
2020 1785 2181 1843 cape-

220 1851 338 1920 ret,
362 1847 568 1908 literas
595 1847 671 1914 ad
715 1854 983 1909 senatum
1013 1848 1207 1912 misit:
1246 1846 1498 1906 “Deum
1540 1841 1963 1905 immortalium
1992 1844 2178 1934 benig-

223 1925 432 1994 nitate,
471 1926 594 1986 suis
623 1927 903 1995 consiliiS‚
945 1925 1234 2005 patienti-21
1276 1925 1548 1992 militum,
1573 1923 1755 2003 Vejos
1783 1941 1913 2001 Jam
1958 1921 2081 1982 fore
2120 1943 2178 1982 m

221 2010 518 2085 potestate
543 2003 747 2085 populi
775 2004 1021 2063 Romani
1044 2025 1062 2073 3
1102 2004 1245 2081 quid
1274 2002 1351 2063 de
1376 2002 1583 2082 praeda
1610 2002 1954 2061 faciendum
1984 2020 2181 2061 cense-

219 2086 360 2144 ‘rent
377 2084 440 2143 ?”
474 2084 631 2143 Duae
674 2087 944 2141 senatum
993 2082 1359 2143 distinebant
1406 2080 1755 2141 sententiae:
1799 2078 1965 2139 senis
1996 2080 2058 2138 P.
2085 2081 2181 2139 Li-

220 2162 383 2234 cinii,
403 2162 577 2241 quem
609 2160 860 2242 primum
887 2160 1110 2225 dixisse
1141 2158 1176 2217 a
1216 2158 1337 2219 filio
1364 2160 1788 2239 interrogatum
1817 2156 2041 2229 ferunt,
2066 2158 2182 2219 edi-

221 2241 282 2299 ci
309 2242 502 2319 palam
529 2241 763 2316 placere
789 2240 1026 2320 populo,
1050 2244 1136 2309 ut,
1178 2238 1281 2317 qui
1308 2238 1529 2318 partice
1576 2258 1603 2297 s
1632 2256 1764 2297 esse
1790 2236 2024 2316 praedae
2068 2237 2180 2295 rel-

221 2316 326 2387 let,
353 2318 409 2377 in
465 2324 660 2378 castra
705 2318 888 2410 Vejos
935 2320 1076 2380 iretz
1117 2318 1308 2377 altera
1334 2318 1449 2397 Ap.
1476 2316 1525 2375 C
1554 2315 1737 2388 audii,
1778 2315 1901 2393 qui,
1928 2314 2178 2395 largitio—

221 2414 360 2475 nem
387 2415 619 2465 novam,
686 2396 965 2476 redigam,
991 2396 1371 2475 inaequalem,
1413 2394 1803 2458 inconsultam
1834 2412 2105 2473 arguenS,
2130 2392 2177 2451 si

221 2471 404 2531 semel
433 2472 600 2531 nefas
667 2481 934 2543 ucerent,
962 2482 1194 2554 captam
1220 2492 1292 2533 ex
1320 2474 1583 2535 hostibus
1604 2472 1667 2532 in
1699 2472 1912 2532 aerario
1942 2472 2178 2533 exhaus-

221 2554 287 2607 to
311 2546 484 2613 hellis
511 2548 820 2625 pecuniam
847 2570 995 2619 esse,
1021 2558 1229 2612 auctor
1254 2556 1380 2611 erat
1424 2551 1704 2630 stipendii
1731 2571 1804 2610 ex
1832 2570 1907 2610 ea
1934 2551 2175 2629 pecunia

217 2626 398 2687 militi
444 2624 810 2696 numerandi,
835 2630 904 2684 ut
952 2646 1022 2686 eo
1069 2629 1265 2687 minus
1306 2628 1515 2688 tributi
1558 2630 1759 2709 plebes
1788 2629 2179 2689 conferret.—

217 2710 257 2750 9‘
276 2706 424 2788 Ejus
465 2703 622 2763 enim
663 2703 805 2766 doni
848 2705 1192 2765 societatem
1241 2724 1517 2767 sensuras
1561 2708 1874 2786 aequaliter
1921 2708 2177 2766 omnium

218 2784 461 2845 domos:
505 2803 623 2857 non
651 2782 859 2845 avidas
893 2784 952 2845 in
977 2783 1366 2863 direptiones
1408 2804 1620 2845 manus
1668 2786 1989 2851 otiosorum
2014 2787 2180 2849 urba-

217 2882 428 2922 norum
458 2868 856 2941 praerepturas
876 2862 1116 2923 fortium
1146 2864 1495 2923 bellatorum
1524 2864 1770 2943 praemia
1790 2882 1960 2923 esse:
2002 2882 2182 2941 quum

215 2940 304 3000 ita
331 2940 513 3010 ferme
535 2938 790 3007 eveniat,
828 2944 896 2996 ut
933 2941 1175 3019 segnior
1202 2942 1281 3001 sit
1308 2942 1627 3020 praedator,
1652 2939 2003 3020 utquisque
2033 2942 2187 3000 labo·

216 3018 303 3079 ris
353 3016 718 3097 periculique
744 3014 1106 3095 praecipuam
1137 3023 1343 3097 petere
1384 3026 1609 3097 partem
1640 3020 1885 3079 soleat?
1965 3020 2188 3079 Licini-

217 3114 292 3155 us
318 3094 526 3155 contra
564 3100 600 3130 ‘⁶
620 3100 951 3173 suspectam
980 3101 1041 3155 et
1067 3094 1318 3155 invisam
1348 3116 1583 3174 semper
1602 3116 1731 3159 eam
1759 3097 2080 3177 pecuniam
2102 3098 2186 3157 fo·

213 3180 339 3246 ref
374 3173 602 3243 aiebat3
640 3179 677 3217 ‘-‘
701 3174 1026 3251 causasque
1075 3171 1385 3232 criminum
1416 3175 1493 3235 ad
1540 3176 1792 3255 plebem,
1820 3174 2184 3237 seditionum

215 3250 357 3313 inde
383 3272 454 3311 ac
492 3253 688 3329 legum
733 3270 1032 3327 novarum,
1079 3249 1484 3331 praebituram.
1564 3253 1762 3315 Satius
1805 3252 1991 3333 igitur
2034 3272 2185 3325 esse,

213 3328 584 3389 reconciliari
611 3347 682 3387 eo
708 3327 864 3385 dono
891 3328 1078 3408 plebis
1099 3328 1365 3400 animos;
1404 3331 1704 3391 exhaustis
1730 3338 1909 3411 atque
1938 3332 2186 3393 exinan-

212 3406 318 3467 itis
357 3406 576 3464 tributo
599 3410 692 3463 tot
737 3424 1028 3471 annorum.
1065 3406 1372 3483 succurri:
1415 3416 1478 3470 et
1518 3409 1737 3471 sentire
1764 3410 2001 3491 praedae
2028 3410 2181 3471 fruc-

209 3488 338 3571 tum
363 3502 437 3540 ex
463 3502 534 3541 eo
557 3476 732 3551 bello,
766 3483 831 3543 in
859 3503 974 3560 quo
1003 3481 1190 3563 prope}
1218 3487 1671 3556 consenuerint;
1714 3489 1940 3568 gratius
1967 3489 2029 3549 id
2063 3490 2179 3548 som

212 3557 546 3648 laetiusque,
567 3560 724 3639 quod
753 3560 1000 3637 quisque
1029 3566 1139 3621 sua
1172 3582 1345 3623 manu
1376 3584 1449 3625 ex
1474 3565 1643 3625 hoste
1672 3572 1907 3646 captum
1938 3567 2181 3633 domum

211 3638 502 3717 retulerit,
528 3636 706 3716 quam
733 3638 786 3699 si
814 3636 1128 3719 multiplex
1156 3641 1399 3717 alterius
1420 3642 1627 3708 abitrio
1654 3645 1890 3730 accipit.
1978 3646 2178 3727 Ipsum
