2267 4000
844 156 1099 219 LIBER
1137 159 1212 219 V.
1390 198 1398 206 ,
1833 166 1976 225 ⁶229

46 314 357 379 concii-ient
379 314 640 375 Etruriae
682 311 933 385 animos,
976 314 1073 375 vel
1118 315 1302 395 ipsius
1328 317 1632 380 voluntate
1677 316 1850 398 regis,
1873 320 1978 399 qui
2053 314 2058 319 ’

48 395 267 457 obstare
292 412 540 485 regnum
568 412 737 453 suum
760 390 937 451 saluti
958 390 1176 453 civium
1203 392 1368 470 nolit.
1447 396 1686 470 videte,
1705 401 1852 476 quot
1865 415 1980 467 res,

52 472 217 551 quim
244 472 505 543 inutileS,
530 476 853 550 sequantur
878 468 1041 529 illam
1082 470 1238 532 viam
1285 471 1554 534 consilii:
1584 476 1820 552 jactura
1843 492 1982 552 ope-

52 570 165 611 rum
193 556 361 611 tanto
398 550 596 611 labore
635 549 943 616 sactorum,
966 550 1220 609 vastatio
1259 550 1575 612 imminens
1597 551 1801 617 finium
1848 568 1983 611 nos-

50 634 280 699 trorum,
316 628 633 687 Etruscum
670 622 891 685 bellum
931 644 1037 703 pro
1081 626 1334 707 Vejente
1373 628 1749 689 concitatum.
1826 630 1981 689 Hoee

50 712 198 779 sunt,
228 704 485 775 tribuni,
531 702 775 765 consilia
799 706 1018 773 vestra,
1044 722 1164 764 non
1203 704 1457 776 hercule,
1481 706 1807 777 dissimilia,
1831 726 1899 766 ac
1927 706 1982 767 si

49 784 173 862 quis
198 802 373 863 aegro,
398 782 520 863 qui,
544 781 738 855 curari
764 801 829 845 se
856 779 1086 840 fortiter
1110 800 1337 863 passuS,
1363 785 1657 863 extemplo
1681 785 1982 845 convales-

49 882 173 921 cere
218 860 423 941 possit,
449 860 556 921 sibi
600 860 791 995 gratia
832 860 1147 937 praesentis
1188 867 1294 919 aut
1317 860 1570 939 potionis
1595 861 1980 943 longinquum

52 944 107 1001 st
128 939 364 1003 forsitan
392 938 601 999 insa-na
638 936 775 996 ilem
798 936 1059 997 morbum
1080 938 1328 999 efficiat.

123 1016 223 1077 Vl.
259 1024 294 1057 ‘⁶
314 1016 401 1087 Si,
422 1036 521 1075 me
548 1015 698 1075 Dius
726 1014 953 1082 Fidius,
984 1013 1059 1071 ad
1085 1014 1195 1075 hoc
1218 1014 1434 1075 bellum
1461 1014 1606 1077 nihil
1631 1016 1980 1109 pertineret,

56 1092 121 1153 ad
145 1094 515 1176 disciplinam
542 1090 704 1153 certe
732 1091 938 1151 militae
968 1092 1284 1169 plurimum
1309 1092 1610 1164 intererat,
1645 1114 1984 1159 insuescere

52 1173 283 1235 militem
330 1178 619 1240 nostrum,
660 1188 779 1229 non
830 1169 1021 1231 solum
1062 1176 1274 1249 parata
1298 1170 1544 1231 victoria
1588 1171 1738 1245 frui3
1779 1174 1902 1244 sed,
1928 1173 2002 1235 si⁴

54 1268 137 1309 res
160 1250 331 1310 etiam
352 1248 573 1311 lentior
598 1247 696 1323 sit,
717 1246 841 1338 pati
864 1247 1133 1319 taedium,
1158 1256 1220 1310 et
1245 1248 1512 1329 quamvis
1537 1270 1686 1311 serae
1716 1250 1842 1329 spei
1863 1249 1986 1311 exi-⁷

57 1333 165 1387 tum
194 1335 573 1407 exspectare3
598 1331 679 1397 et,
696 1344 881 1401 sinon
907 1326 987 1387 sit
1013 1334 1224 1388 aestate
1253 1327 1575 1407 perfectum
1601 1328 1840 1397 bellum,
1862 1326 1984 1389 hie-

56 1422 193 1464 mem
214 1404 471 1485 opperiri
492 1423 510 1474 ς
552 1422 681 1471 nec,
706 1402 863 1463 sicut
890 1405 1127 1465 aestivas
1145 1424 1304 1474 aves,
1330 1404 1528 1465 statim
1556 1411 1836 1467 autumno
1860 1408 1986 1465 tev-

58 1486 113 1541 (α
132 1502 197 1543 ac
222 1501 521 1543 recessum
567 1479 1038 1559 circumspicere.
1115 1481 1374 1539 Obsecro
1409 1500 1536 1552 vos,
1580 1480 1836 1543 venandi
1861 1487 1988 1543 stu-

60 1558 199 1619 dium
224 1579 293 1621 ac
318 1562 595 1649 voluptas
620 1556 885 1619 homines
910 1578 1017 1639 per
1058 1556 1230 1628 nives
1269 1576 1340 1617 ac
1365 1557 1606 1637 pruinas
1645 1560 1708 1621 in
1750 1566 1983 1623 mentes
2092 1560 2101 1563 “

60 1636 333 1717 silvasque
352 1642 545 1718 rap1t3
583 1635 725 1695 belli
749 1634 1199 1697 necessitatibus
1221 1654 1348 1695 eam
1371 1634 1715 1715 patientiam
1739 1656 1856 1697 non
1880 1634 1988 1699 ad·

58 1711 373 1787 hibebimus,
395 1733 579 1796 quam
604 1713 699 1775 vel
726 1712 891 1773 lusus
918 1733 987 1773 ac
1014 1714 1284 1791 voluptas
1311 1712 1525 1773 elicere
1548 1713 1744 1775 solet?
1785 1714 1985 1775 Adeo-

56 1809 121 1851 ne
166 1794 499 1857 effeminata
545 1810 788 1871 corpora
832 1791 1085 1851 militum
1139 1795 1468 1851 nostrorum
1515 1810 1645 1852 esse
1685 1799 1983 1874 putamus,

58 1870 187 1931 aden
227 1872 435 1935 molles
484 1868 745 1939 animos„
775 1872 843 1928 ut
878 1868 1129 1932 hiemem
1175 1887 1352 1929 unam
1391 1869 1604 1931 durare
1651 1869 1714 1932 in
1753 1871 1986 1945 castris,

60 1946 235 2011 abesse
262 1953 333 2012 ab
358 1950 537 2011 domo
563 1966 681 2010 non
724 1946 999 2028 possint?
1038 1954 1127 2019 ut,
1159 1953 1444 2026 tanquam
1484 1948 1715 2010 navalle
1741 1948 1982 2022 bellum,

58 2029 419 2109 tempestibus
460 2025 769 2106 captandis
793 2031 856 2086 et
900 2027 1262 2087 observando
1289 2033 1557 2102 tempore·
1575 2027 1733 2098 anni,
1752 2032 1982 2108 gerant,

62 2119 159 2164 non
206 2115 405 2178 aestus,
432 2124 549 2165 non
592 2102 808 2198 frigora
836 2105 969 2186 pati
997 2103 1266 2184 possint?
1304 2105 1669 2165 Erubescant
1695 2105 1982 2183 profecto,

55 2179 245 2262 siquis
270 2184 356 2246 eis
381 2185 513 2244 haec
543 2180 776 2260 objiciat
798 2201 814 2252 ;
856 2181 1355 2260 contendantque.
1377 2188 1440 2242 et
1463 2179 1673 2241 animis
1693 2188 1754 2242 et
1780 2201 1982 2262 corpo-

58 2257 195 2322 ribus
221 2262 339 2325 suis
365 2259 593 2322 virilem
624 2258 966 2338 patientiam
993 2258 1207 2326 inesse,
1226 2263 1288 2318 et
1307 2278 1371 2318 se
1387 2258 1564 2339 juxis
1585 2258 1771 2320 hieme
1799 2264 1978 2338 atque

65 2346 249 2400 aestate
297 2341 460 2402 bella
503 2355 706 2417 gerere
755 2356 922 2417 posse
943 2355 959 2394 ι
980 2355 1111 2396 -nec
1161 2355 1225 2394 se
1271 2335 1660 2415 patrocinium
1706 2335 1976 2400 mollitiae

57 2411 385 2499 inertiaeque
432 2415 748 2478 mandasse
796 2413 1061 2484 tribunis„
1106 2417 1172 2474 et
1215 2412 1569 2486 meminisse,
1613 2414 1762 2476 hanc
1789 2415 1982 2496 ipsam

59 2499 391 2628 plotestatem
418 2513 539 2556 non
560 2493 622 2552 in
653 2493 854 2551 umbra
878 2493 1071 2551 necin
1101 2491 1276 2552 tectis
1304 2493 1550 2571 mitiores
1571 2513 1706 2555 suos
1729 2499 1984 2558 creasse·

116 2591 195 2632 aec
221 2575 439 2636 virtute
468 2570 721 2630 militum
749 2574 1095 2640 vestrorum,
1118 2568 1250 2630 haec
1277 2569 1545 2632 Romano
1565 2571 1798 2632 nomine
1841 2578 1984 2634 sunt

54 2646 234 2730 digna,
257 2673 375 2715 non
422 2651 606 2729 Vejos
632 2648 885 2718 tantum,
909 2667 1019 2708 nec
1046 2647 1154 2708 hoc
1180 2647 1398 2708 bellum
1428 2649 1662 2719 intueri,
1707 2648 1864 2728 quod
1888 2650 1982 2710 in·
2049 2702 2058 2714 ,

60 2730 199 2798 stat3
236 2729 341 2792 sed
382 2728 597 2790 famam
638 2735 701 2788 et
743 2727 814 2786 ad
860 2727 976 2786 alia
1013 2724 1169 2784 bella
1209 2732 1274 2784 et
1333 2723 1409 2782 ad
1459 2731 1686 2784 ceteros
1731 2727 1979 2804 populos

60 2799 109 2861 in
154 2797 447 2886 posterum
532 2823 775 2864 uaerere.
856 2804 953 2860 An
997 2800 1291 2860 mediocre
1331 2799 1646 2861 discrimen
1687 2802 1978 2881 opinionis

60 2875 378 2946 secuturum
406 2904 479 2952 ex
543 2901 613 2942 ac
639 2900 702 2940 re
729 2877 997 2960 putatis?
1034 2878 1234 2936 utrum
1275 2877 1516 2938 tandem
1543 2877 1777 2939 finitimi
1797 2899 1984 2970 popu-

58 2955 164 3018 lum
190 2961 515 3024 Romanum
546 2979 681 3020 eum
707 2976 839 3018 esse
880 2958 1107 3037 putent,
1134 2957 1304 3034 cujus
1331 2955 1380 3015 si
1421 2975 1542 3035 qua
1563 2958 1702 3017 urbs
1730 2973 1984 3034 prunum

58 3031 208 3098 illum
233 3037 559 3102 brevissimi
584 3036 867 3117 temporis
894 3032 1240 3096 sustinuerit
1263 3033 1565 3124 impetum,
1590 3033 1731 3094 nihil
1761 3033 1979 3096 deinde

64 3113 301 3178 timeat?
338 3137 415 3180 an
435 3117 533 3177 hic
574 3117 655 3177 sit
680 3121 869 3174 terror
892 3110 1146 3174 nominis
1187 3116 1391 3178 nostrl,
1416 3115 1483 3176 ut
1509 3111 1826 3174 exercitum
1866 3113 1987 3173 Ro-

64 3207 285 3258 manum
310 3215 429 3256 non
470 3195 717 3256 toedium
742 3191 1077 3270 longinquae
1119 3187 1584 3267 oppugnationis,
1608 3207 1725 3249 non
1750 3189 1841 3274 vis
1863 3189 1987 3272 bie-‘5

63 3267 165 3328 mis
204 3275 275 3332 ab
302 3275 439 3334 urbe
466 3272 849 3332 circumsessa
892 3267 1070 3329 semel
1100 3285 1370 3326 amovere
1416 3265 1624 3344 possit,
1647 3286 1757 3326 nec
1805 3266 1986 3330 finem

58 3344 231 3408 ullum
256 3350 435 3412 alium
454 3347 613 3419 belli,
638 3345 819 3427 quim
844 3344 1168 3412 victoriam,
1191 3342 1456 3411 noverit;
1495 3363 1604 3406 nec
1631 3343 1848 3424 impetu
1879 3363 1982 3424 po·

59 3419 171 3484 tiss
191 3427 360 3497 bella,
380 3427 559 3507 (ια-(ἴω
584 3424 1041 3506 perseverantia,
1066 3429 1230 3500 gerat
1247 3420 1276 3478 ἓ
1313 3439 1448 3498 quae
1477 3421 1538 3480 in
1561 3424 1716 3484 omni
1744 3423 1986 3501 quidem.

57 3514 261 3576 genere
286 3506 537 3575 militiae,
563 3499 814 3564 maxime
839 3502 1037 3560 tamen
1056 3499 1123 3557 in
1151 3497 1485 3560 obsidendis
1512 3501 1762 3570 urbibuS,
1782 3519 1986 3561 neces-

62 3579 203 3642 saxia
228 3587 350 3672 est3
391 3599 638 3666 quarum
662 3579 991 3715 leerasque,
1032 3573 1450 3671 munitionibus
1475 3595 1545 3638 ac
1571 3577 1826 3641 naturali
1860 3577 1979 3640 situ
